2610 4650
162 312 223 378 111
286 308 319 348 ·-
354 318 363 337 ··
395 283 694 415 cori-unqu
728 284 1009 413 'une-oris
1040 266 1042 273 '
1074 312 1129 339 -·=

162 503 207 563 mi
225 474 383 563 Chiliadaa
402 501 436 561 in
457 500 569 582 adagio
595 500 660 569 Nou
679 486 767 558 11111111
781 495 913 579 poffunms
925 517 1035 570 omnes,
1066 513 1100 560 et
1120 500 1232 565 conie-

63 622 69 645 ‘
163 621 231 678 rat,
261 627 342 690 quae
355 605 638 667 Drakenborchius
651 603 812 666 adnotavit
828 603 868 663 ad
878 602 1005 663 Livium
1025 603 1083 666 lih.
1101 624 1233 669 axin-c.

136 732 207 770 .n1.
236 731 321 771 num.
339 721 370 785 4.

243 839 380 902 Dicendi
395 862 498 927 genna
522 855 646 917 antem,
669 838 754 924 quod
768 839 802 900 in
818 837 1004 922 fragmentis
1022 837 1138 901 nollris
1158 859 1232 901 con-

163 946 316 1030 spicitur,
340 968 359 1007 a
378 948 512 1031 Nepotis
528 945 687 1028 elegantia
701 966 768 1006 ncn
787 945 883 1006 modo
897 965 961 1005 non
982 943 1156 1017 abhorret,
1177 942 1233 1008 aed

162 1052 196 1112 in
217 1053 312 1112 alium
335 1093 345 1125 ‚
373 1075 466 1136 quam
481 1055 516 1115 in
532 1052 645 1136 optimi
669 1051 737 1113 aeri
757 1053 949 1134 scriptorem
966 1049 1083 1115 cadere
1103 1053 1234 1137 omniuo

148 1175 228 1217 uon
256 1153 367 1238 potest.
409 1164 454 1221 lta
476 1180 599 1242 putum
624 1158 728 1230 enim,
765 1156 804 1218 ab
826 1156 912 1216 omni
930 1154 1058 1216 barbari
1076 1158 1233 1240 temporie

162 1261 233 1322 labe
245 1252 409 1335 immune,
439 1265 481 1323 ita
498 1283 649 1333 aureum,
678 1262 774 1322 immo
791 1275 893 1322 totum
909 1281 1020 1320 aurum
1037 1256 1097 1332 est,
1135 1275 1169 1322 ut
1189 1263 1233 1323 la·

162 1386 233 1427 uam
246 1368 341 1429 citius
362 1370 401 1429 ab
418 1370 526 1441 asino,
549 1388 641 1450 quam
659 1366 816 1427 abarbari
832 1366 903 1427 aevi
921 1367 1080 1450 scriptore
1096 1366 1179 1428 hanc
1195 1371 1245 1451 'o-',

161 1470 297 1551 ¹rationis
317 1472 503 1546 callitatcm,
536 1471 621 1532 hunc
642 1483 787 1531 ornatum
810 1471 994 1554 exspectare
1017 1469 1126 1555 pollis.
1170 1472 1232 1533 Ar·

164 1574 261 1636 duum
283 1591 316 1639 ct
338 1579 452 1659 longe,
491 1593 584 1661 quam
604 1575 721 1658 vulgus·
738 1575 936 1636 eruditorum
952 1577 1120 1659 opinatur,
1147 1576 1233 1637 disti-

138 1664 259 1742 'eilius
285 1681 347 1756 cst,
368 1683 512 1764 priscum
541 1679 629 1740 illum
653 1681 860 1763 incorruptae
885 1682 1065 1743 Latinitatis
1095 1683 1234 1769 nitorem

147 1783 232 1847 »stilo
245 1787 383 1849 referre.
420 1791 464 1850 „ln
482 1787 541 1848 hac
556 1785 745 1875 abundantia
765 1785 944 1857 librorum,
977 1807 1113 1868 quornm
1129 1788 1185 1849 alii
1196 1785 1235 1861 ad

164 1879 354 1953 imitandam
370 1906 515 1969 veterum
544 1890 731 1973 elegantiam
754 1891 844 1972 quasi
869 1911 961 1950 manu
993 1891 1139 1964 ducunt,
1167 1885 1235 1955 ‘atii

93 1986 149 2072 131)
163 1993 346 2072 barbariei,
381 2018 473 2080 quam
500 1994 677 2078 longiffime
700 1982 726 2055 a=
745 1993 862 2056 linibus
883 1997 966 2056 Latii
988 1998 1236 2091 propplsandae,

163 2095 281 2171 bellum
297 2102 459 2175 indicunt,
490 2101 543 2160 alii
557 2101 703 2161 cultioris
718 2101 876 2187 sermonis
891 2102 1155 2185 praeceptiones,
1175 2103 1237 2184 jam

164 2222 224 2287 per
249 2207 340 2288 plura
363 2208 469 2269 secula
499 2226 563 2266 non
584 2225 756 2288 paucorum
772 2204 935 2265 lromi'num
958 2207 1116 2288 pertinaci
1136 2206 1239 2269 [ludio

164 2321 199 2369 et
218 2306 331 2371 labore
355 2306 510 2374 immenso
535 2309 703 2384 stabilitas,
745 2310 872 2394 prolixe
901 2327 1102 2393 suggerunt,
1143 2335 1186 2374 ne
1204 2311 1237 2375 iu

164 2403 226 2474 hoc
247 2415 382 2496 quidem
400 2431 462 2476 tam
490 2419 610 2498 amplo,
645 2429 707 2475 tam
736 2416 869 2497 copioso
890 2436 970 2497 pure
993 2415 1237 2502 dicendiatqne

164 2520 512 2585 emendate‘acrihendi
527 2521 751 2598 instrumento,
782 2539 969 2604 quemqnam
985 2523 1152 2604 reperias,
1183 2545 1237 2586 cu-

163 2619 214 2703 ius
231 2627 332 2691 oratio
347 2628 389 2687 ita
410 2627 516 2700 culta,
550 2629 593 2689 ita
609 2627 648 2686 ad
667 2648 805 2709 unguem
826 2622 969 2708 castigata
986 2628 1045 2702 sit,
1074 2644 1111 2691 ut
1124 2652 1166 2692 ne
1177 2631 1236 2693 mi·

164 2729 285 2797 nimum
304 2731 432 2817 quidem
450 2730 487 2792 ab
510 2730 667 2814 elegantia
681 2735 788 2817 prisca
808 2729 966 2794 deflectat.
1010 2734 1108 2830 Quod
1123 2738 1151 2797 si
1166 2739 1238 2821 quis

165 2852 294 2897 auream
314 2836 564 2920 fragmentorum
588 2836 716 2898 illorum
741 2835 944 2898 Latinitatem
962 2839 1098 2909 barbaro
1114 2840 1238 2909 homiui

93 2990 97 2995 .
165 2939 367 3005 tribuendam
384 2957 497 3027 putet,
521 2942 803 3026 elegantiffimique
819 2946 1014 3007 monumenti
1031 2947 1192 3030 originem
1205 2950 1238 3021 io
1257 2950 1261 2955 ’

62 3071 69 3083 ³
165 3065 205 3115 ea
237 3059 407 3130 tempora,
447 3070 527 3131 quae
551 3069 676 3110 omnem
710 3048 863 3109 orationis
887 3052 1003 3112 cultum
1026 3052 1239 3132 ejuraverant‚

166 3147 330 3231 conjicere
351 3151 515 3227 sustineat,
548 3153 668 3214 viderit
687 3152 763 3225 illc,
801 3173 839 3211 an
862 3154 927 3215 illis
948 3147 1159 3239 perliiasurus
1186 3161 1237 3236 sit,

166 3254 224 3338 qui
241 3255 406 3329 crebriore
420 3278 480 3318 usu
499 3257 694 3331 didicerunt,
719 3276 825 3339 'quam
840 3257 934 3340 longe
952 3259 990 3320 ab
1011 3266 1138 3348 antiqua
1150 3267 1233 3328 scri·

166 3359 265 3432 hendi
286 3361 406 3423 virtute
425 3378 534 3427 omnes
552 3361 650 3423 medii
675 3364 746 3424 aevi
768 3358 944 3446 scriptores
963 3369 1196 3433 aberraverint.

119 3493 125 3503 ’
175 3530 178 3535 ·
249 3507 291 3566 Et
314 3503 459 3590 quiajam
479 3525 597 3568 novum
612 3516 677 3571 n'on
696 3506 757 3584 est,
791 3510 933 3571 Cornelii
956 3515 1074 3598 scripta
1090 3494 1239 3601 lardaria

168 3606 351 3670 hominihus
374 3610 536 3696 adsignari
549 3657 568 3697 ,Α
592 3616 689 3679 liceat
711 3616 789 3708 1111111
815 3613 849 3674 in
871 3617 970 3705 catilla
988 3620 1239 3703 fragmentorum

167 3712 282 3774 eadent
304 3712 517 3779 defensione
519 3719 590 3792 uti,
621 3743 681 3805 qua
702 3721 778 3782 usna
800 3718 843 3782 est
863 3723 1035 3804 Dionysius
1054 3718 1238 3802 Lanibinua,

170 3838 270 3905 quum
297 3822 557 3951 excellentium
548 3839 775 3909 imperatorum
803 3813 884 3888 vitae
909 3829 1032 3890 auctori
1055 3852 1113 3893 auo
1135 3828 1238 3896 vindi·

170 3935 274 3984 catum
284 3906 380 3988 iret
401 3933 520 4031 Eorum,
543 3932 663 4014 inquit,
684 3938 730 4012 qui
754 3933 793 3992 'l·[
778 3932 955 4014 leodq'fiorum
976 3955 1063 3996 aetate
1081 3929 1240 4037 1111111111

171 4028 295 4109 (addc,
318 4023 419 4093 etiam
428 4022 564 4109 eorum,
581 4058 634 4120 qm
625 4036 716 4131 post
729 4061 841 4102 aevum
859 4018 1135 4105 'Pheoduaiorirm
1138 4042 1239 4130 naqu'd

170 4134 211 4196 ad
224 4148 350 4209 renatas
371 4140 494 4203 litteras
509 4142 635 4204 Latino
639 4140 786 4225 lamone
807 4147 859 4209 nti
871 4144 1240 4237 11111111111111111
