2610 4650
252 507 344 604 Nunc
366 521 447 564 vero
471 497 634 584 postquam
657 503 856 564 concertatio
873 504 957 566 illa
948 525 983 566 m
998 508 1131 571 amicam
1154 508 1263 573 disee·

172 592 349 701 ptationem
365 606 481 669 vertite
517 623 644 668 omnem
657 607 774 682 bilem,
805 611 913 695 siqua
936 613 971 673 in
995 613 1101 676 animo
1116 635 1192 678 meo
1206 637 1260 681 re·

118 707 277 795 aedit,
306 717 412 778 libens
442 734 478 778 uc
505 715 620 778 rolens
645 714 801 795 abjici03
811 724 873 792 et,
892 733 926 780 ut
946 716 1156 794 humanitati,
1196 742 1258 805 qua

169 836 366 910 provocatur
387 842 474 895 aum,
504 820 623 914 iisdem
643 821 772 898 verbio,
811 825 927 909 quibua
943 810 1091 888 Riotaius
1106 824 1182 888 usus
1199 824 1254 902 est,

20 1002 21 1007 η
66 970 69 975 -
100 936 158 1001 t58
171 930 400 1018 respondeam,
431 930 460 991 si
482 926 562 1014 quid
583 904 719 1020 scripsi,
750 951 815 1014 quo
834 952 869 994 ae
888 930 1066 1009 laaessitum
1087 931 1152 992 effe
1176 953 1256 1019 pro·

168 1039 312 1123 tenvius,
334 1037 406 1120 jure
418 1037 462 1102 Vs
479 1038 515 1099 C.
537 1035 632 1120 queri
645 1035 755 1120 possit,
785 1037 866 1098 illud
883 1057 924 1098 ne
939 1037 1063 1099 dictum
1076 1035 1154 1100 esto.

249 1168 285 1232 Id
311 1154 417 1231 tame'n
441 1169 562 1231 nollem
588 1168 691 1230 abeo
720 1166 833 1230 durius
856 1182 1022 1254 acoeptum
1048 1171 1133 1244 effe,
1152 1170 1255 1256 ,quod

152 1297 250 1363 ego,
265 1274 463 1379 quidquid
454 1298 490 1338 m
511 1297 563 1339 me
594 1289 628 1337 et
649 1274 839 1361 fragmentis
867 1275 1011 1338 Cornelii
1029 1276 1255 1361 reprehende·

168 1398 236 1458 rat,
264 1385 402 1446 crimina
418 1370 589 1468 appellavi.
630 1382 677 1442 Ea
698 1376 935 1464 significatione
951 1386 1065 1445 criara'aa
1082 1382 1169 1460 dixi,
1194 1406 1257 1470 qua

169 1490 253 1577 apud
271 1492 464 1554 Ciceronem
478 1489 535 1551 lib.
553 1490 606 1550 111.
624 1486 690 1550 de
687 1501 863 1554 oratoraa.
880 1498 931 1568 ι’μ).
953 1492 1118 1569 ineptiarum
1138 1499 1253 1567 crimea,

74 1648 77 1654 .
168 1596 252 1681 apud
272 1596 444 1660 Horatium
458 1596 498 1658 de
516 1608 585 1657 arte
603 1599 691 1681 poe't.
710 1616 741 1658 v.
760 1594 832 1657 201.
850 1615 954 1678 operae
964 1595 1103 1657 celeris
1073 1602 1188 1669 aumiurn
1207 1620 1254 1659 ea-

51 1735 55 1749 ·
94 1778 115 1785 Η
167 1722 250 1784 reque
270 1709 387 1770 careatis
406 1692 440 1768 et·
460 1709 600 1789 ignoratae
624 1706 695 1762 artis
719 1677 836 1775 crimen,
868 1715 901 1765 et
923 1699 1009 1786 apud
1029 1701 1110 1766 alioe
1131 1703 1253 1768 similia

111 1790 141 1843 '⁴⁵
166 1804 320 1894 legeram.
370 1804 374 1809 ’

247 1920 360 1997 Neque
382 1935 444 1998 ego
471 1886 663 1999 simpliciter
680 1915 813 2000 negavi,
843 1914 878 1975 in
900 1912 1084 1994 judicandis
1099 1916 1250 1980 Cornelii

151 2019 356 2112 sfaagmeutis
381 2021 650 2104 interponendam
679 2021 742 2087 effe
770 2020 993 2082 auctoritatem
1017 2021 1160 2096 aurium,
1191 2023 1250 2087 sed

79 2152 81 2155 ·
164 2127 278 2190 harum
294 2127 449 2208 judicium
463 2169 471 2201 ,
493 2129 529 2189 iu
542 2127 602 2191 hac
620 2127 720 2191 aauffa
741 2124 932 2209 praesertim
943 2167 952 2198 ,
963 2126 1073 2189 ‘valde
1086 2112 1249 2203 lubricum

166 2234 230 2296 effe
249 2232 338 2307 dixi,
369 2255 522 2319 eumque,
553 2235 609 2319 qui
623 2234 673 2295 ob
688 2233 813 2315 parium
827 2253 956 2297 suarum
970 2230 1129 2295 fastidium
1141 2236 1249 2319 priaoi
1287 2210 1291 2221 ἱ

161 2342 307 2405 auctoris
327 2341 483 2424 scriptum
498 2340 630 2426 aliquod
642 2338 784 2421 rejiciat,
807 2338 872 2399 nisi
886 2337 974 2422 idem
993 2336 1145 2416 ostendat,
1170 2342 1248 2426 qnid

162 2445 316 2532 aquibus
343 2435 491 2509 veterum
518 2448 726 2531 praescriptis
752 2446 950 2529 exemplisve
973 2440 1163 2530 discrepet,
1194 2470 1250 2511 au·

164 2554 316 2616 diendum
337 2575 402 2615 non
427 2557 501 2617 effe.
544 2558 633 2638 Ergo
656 2551 751 2613 cultis
775 2551 905 2613 auribus
928 2555 1248 2636 atquerelegantibua

161 2661 321 2722 honorem
338 2682 429 2722 suum
449 2683 514 2723 non
535 2659 660 2731 invidi,
682 2676 789 2741 neque
813 2678 867 2718 eas
891 2659 978 2718 omni
1003 2649 1160 2744 suffragio
1179 2662 1248 2745 pri-

161 2767 256 2830 vavit
280 2768 338 2829 sed
353 2765 599 2852 disputationem
614 2762 750 2825 nostram
764 2763 804 2824 ad
818 2763 991 2826 dilucidam
1005 2766 1250 2850 argumentandi

160 2892 306 2935 normam
323 2848 479 2937 revocans
497 2875 619 2953 evitare
636 2871 741 2945 volui,
770 2891 830 2947 ne,
854 2872 883 2933 si
899 2873 980 2935 alter
994 2868 1176 2956 fragmenta
1193 2871 1250 2934 illa

160 2981 287 3042 auri'um
305 3002 433 3043 suarum
447 2980 569 3063 judicio
587 2979 837 3050 condemnaret,
867 2979 949 3041 alter
972 2978 1170 3052 ablolreret,
1201 2978 1249 3041 ai-

66 3162 71 3181 Ι
159 3087 236 3149 mile
266 3087 345 3171 quid
370 3086 464 3161 nobis
489 3085 636 3149 acoidiffe
663 3067 860 3167 videretur,
888 3097 983 3170 atque
1005 3086 1090 3159 illis,
1128 3073 1249 3169 quiin

160 3192 312 3261 convivio
335 3193 376 3255 de
392 3176 461 3255 cibi'
479 3192 613 3274 alicujus
630 3211 746 3275 sapore
764 3190 922 3253 rixantur.
940 3274 948 3278 ›-

239 3326 348 3392 Verba
363 3325 502 3410 Nepotis
523 3329 569 3406 qui
582 3328 704 3406 patuerit
719 3341 747 3382 et
765 3326 846 3382 eriam
867 3307 1011 3396 debuerit,
1032 3320 1179 3407 itemque
1189 3320 1247 3385 illa

156 3426 243 3492 adhuc
263 3454 316 3494 aaa
334 3435 411 3497 moda
430 3453 500 3506 aaa,
539 3432 581 3493 ob
603 3431 800 3499 κακοφωνίαν
827 3431 874 3492 Cl.
902 3428 1033 3492 Itlotzio
1055 3429 1246 3512 displicent.

155 3539 210 3601 An
224 3540 325 3623 igitur
344 3539 451 3602 virum
470 3539 599 3602 doctum
618 3540 756 3604 offendit
781 3536 1031 3611 auennensem,
1062 3537 1152 3622 quod
1170 3558 1247 3601 ver·

85 3644 347 3739 ,59tisp01aeru
366 3655 399 3706 et
417 3646 540 3706 debuerit
560 3645 725 3709 efficitur?
756 3648 834 3711 Soio
858 3645 1026 3732 equidem,
1051 3646 1144 3709 rinos
1168 3666 1247 3709 eru·

157 3749 243 3815 ditos
263 3750 338 3815 talia
358 3769 424 3815 non
447 3751 482 3813 in
505 3756 652 3817 oratorio
672 3757 792 3830 solum,
830 3754 890 3817 aed
911 3754 1006 3815 etiam
1027 3754 1061 3813 in
1084 3750 1244 3818 historico

63 3855 65 3859 ’
154 3854 225 3922 stilo
245 3848 501 3943 reprehendere.
544 3864 704 3946 Nepotem
718 3875 826 3926 tamen
841 3862 989 3928 videmus
1011 3855 1242 3928 ‹311010’111211'211-
1293 3928 1295 3939 ,

154 3982 212 4023 raa
225 3965 280 4028 ista
296 3966 377 4056 adep
397 3987 464 4029 non
485 3967 657 4050 resugiffe,
688 3982 724 4032 nt
738 3989 776 4030 ea
797 3989 903 4053 prope
921 3967 1114 4054 quaesiviffe
1130 3946 1241 4032 videa·

111 4090 115 4099 “
154 4086 219 4136 tur.
262 4076 348 4137 Huic
365 4074 416 4136 rei
432 4073 530 4137 {idem
546 4074 656 4137 facere
671 4089 827 4158 poterunt
845 4063 1007 4158 exempla,
1030 4095 1113 4158 quae
1133 4077 1242 4139 exda-

152 4179 212 4244 tiai
225 4181 308 4258 vita,
338 4202 441 4267 pauca
460 4183 501 4248 de
518 4183 651 4260 multia,
682 4200 864 4268 excerpam.
894 4200 965 4268 cap.
980 4182 1034 4247 111.
1054 4203 1083 4244 ι.
1112 4181 1180 4269 Qua
1189 4183 1241 4268 fa·
