2610 4650
91 290 159 355 311·
491 236 503 319 γ·
540 285 734 349 lND-EX
987 204 998 241 l

109 416 1176 449 mmm-..Q

113 490 262 561 ¹ds'aeerint
276 497 413 555 damnare
424 501 547 556 crimine
559 500 617 556 diri
684 504 862 577 parandum,
882 504 990 561 relicto
998 506 1100 574 spatio
1112 515 1177 562 tem·

125 567 441 647 iati,·impudicitiae,
463 568 617 638 adulterii,
636 582 638 587 ’
682 576 769 644 'poris
784 572 969 646 conjuratis,
988 592 1046 646 quo
1066 593 1177 647 compo·

102 650 105 655 '
125 647 247 703 morus,
265 638 384 693 sceleris
393 658 404 706 3
423 641 516 704 sieut,
533 656 616 692 accu-
686 651 792 699 rorent
809 641 920 700 bellum
942 642 969 708 8,
987 661 1013 711 1,
1029 640 1177 697 &donum

76 749 80 754 .
102 770 104 775 Ι
125 721 191 761 sana
215 703 336 760 crimine
359 707 455 760 incesti
466 742 475 774 ,
494 724 617 780 arguere
685 712 818 784 Apollini
836 711 978 765 victoriae
988 726 1080 784 ergo,
1099 706 1177 784 offer.

126 772 258 828 driusin'e'
283 775 418 847 ignitiae,
440 772 617 829 furibundae
686 799 736 843 re,
757 798 948 845 consecrare,
968 785 996 899 4,
1024 798 1050 843 1,
1068 781 1096 834 3.
1118 777 1176 834 aide

103 792 618 908 ·mentis,al›solvarecri1ninecom·
685 848 769 918 infra
802 848 919 902 donum.
957 848 1049 900 aicui
1078 844 1175 911 fidem,

124 922 221 964 motae
234 913 347 966 mentis.
373 910 439 968 uide
456 911 618 968 Sanctium
680 914 791 991 jurare
814 918 857 980 13,
875 935 901 980 1,
917 920 944 982 4.
966 915 1055 968 iidem
1078 913 1113 967 de
1129 932 1174 981 re,

124 1000 154 1053 p.
170 981 230 1050 193.
251 979 330 1036 unde
351 978 443 1035 simul
457 989 558 1053 patet,
575 986 617 1034 et·

124 1053 190 1106 iam
204 1046 245 1102 ad
259 1056 294 1102 ‘co'
310 1049 428 1101 scalaris
446 1069 544 1104 uocem
561 1050 617 1100 oci-

125 1119 203 1171 miue
214 1115 372 1172 subaudiri
380 1135 481 1190 posse,
502 1127 531 1172 et
540 1134 617 1172 mor·

124 1188 163 1240 tis
176 1203 289 1259 quoque
299 1204 397 1242 uocem
411 1184 477 1242 beia
493 1202 617 1257 usurpa·

125 1257 172 1310 ri:
216 1255 276 1311 uod
304 1262 461 1324 utrumque
484 1256 619 1328 negabat

125 1326 171 1378 vir
208 1332 299 1379 octus.
317 1324 354 1377 In
376 1323 448 1379 aliis
468 1343 497 1377 a.
518 1342 617 1379 caem-

70 1394 72 1399 '
123 1391 198 1464 plis,
217 1392 269 1446 ubi
283 1390 362 1449 illud
376 1393 500 1445 crimine
518 1392 619 1447 lacurn

105 1458 186 1515 ‘nort
215 1461 321 1525 habet,
357 1459 507 1515 ablativus
539 1462 650 1518 alius:

77 1558 83 1571 s
124 1528 285 1585 subaudiri
312 1535 427 1602 potest,
454 1528 568 1585 alicubi
591 1535 620 1586 et

75 3572 103 3601 Γ

124 1601 222 1671 ipsum
238 1617 348 1653 nomen
364 1597 485 1661 damno,
503 1599 620 1654 atheia

123 1669 158 1725 in
178 1666 269 1723 duob.
287 1667 439 1739 prioribus
462 1667 619 1740 exemplis,

125 1735 256 1790 damnari
283 1738 404 1801 timore,
430 1734 533 1810 populi
553 1733 619 1792 scil.

126 1802 164 1861 de
176 1822 276 1860 causa
293 1801 485 1877 impellente,
505 1823 531 1871 1,
548 1806 576 1867 8,
595 1823 617 1858 1.

106 1922 109 1927 ,
128 1871 276 1943 [damnari
290 1872 390 1945 aliqud
408 1873 517 1939 judicio
540 1874 635 1937 13,3,1

126 1943 152 1996 5.
173 1960 222 2011 19,
240 1946 275 2008 4,
299 1958 324 1994 1.
351 1940 477 1994 damnati
499 1941 619 2014 publice

129 2028 169 2077 sq,
195 2015 223 2076 4,
248 2009 462 2069 1.]611111111111
483 2009 545 2063 voti
568 2025 617 2073 1ο,

26 2109 30 2120 ·
81 2092 84 2097 ·
116 2076 361 2142 ’3381111111τί
388 2078 467 2144 voti,
488 2084 548 2142 est,
569 2096 618 2132 ne·

126 2148 264 2202 cessitate
278 2143 466 2218 persolvendi
490 2148 550 2201 uoti
569 2145 618 2201 ob·

127 2212 233 2290 ligari.
254 2212 307 2270 Sic
331 2215 381 2272 Vir
404 2213 437 2269 il.
458 2225 525 2271 reus
544 2214 617 2268 voti.

125 2284 258 2338 Lasnbin.
268 2232 479 2357 Macroliusi.
491 2283 617 2338 Satura.

127 2369 153 2407 1.
177 2351 259 2408 Haec
282 2371 355 2418 uox,
379 2354 438 2415 ait,
464 2351 525 2405 voti
550 2355 619 2405 reus

126 2422 482 2495 propriaestsacrorum,
502 2426 536 2473 ut
550 2419 618 2475 nl:-

134 2490 182 2544 US
195 2490 327 2552 uocetur,
347 2491 396 2562 qui
407 2496 538 2558 suscepto
551 2496 618 2542 uoto

127 2578 158 2614 se
170 2557 344 2612 numinibus
355 2556 489 2630 obligat:
508 2557 616 2610 ΒΑΜ·

128 2624 269 2682 NATUS
286 2635 402 2686 autem,
424 2627 473 2696 qui
489 2625 617 2698 promis-

128 2715 162 2750 sa
180 2694 251 2750 solu.
271 2693 402 2765 adeoque
420 2698 537 2765 compris
560 2692 620 2747 uoti

119 2762 233 2835 factus.
256 2760 315 2816 uid.
340 2765 464 2817 omnino
480 2764 618 2818 Brisson.

120 2834 213 2906 sorrn.
237 2849 259 2885 1.
277 2832 376 2883 Boecl.
395 2831 478 2888 Adde
500 2834 616 2888 Gruter.

128 2909 190 2956 not.
211 2899 252 2955 ad
267 2901 345 2954 Liuii
362 2897 382 2954 l.
401 2901 428 2954 8.
448 2909 476 2955 et
489 2904 616 2971 interpp.
641 2893 646 2899 ’

129 2970 170 3026 ad
191 2968 270 3025 illud
295 2969 377 3042 Virg.
400 2968 495 3045 eclog.
523 2971 548 3031 5,
571 2969 616 3022 8ο.

99 3052 102 3057 ’
128 3037 276 3093 damnabis
289 3047 320 3090 lu
333 3056 449 3110 qnoque
463 3041 548 3093 votis.
569 3037 619 3091 At-

128 3127 182 3183 que
190 3111 233 3164 sic
246 3116 274 3163 et
285 3109 385 3163 Liuius
396 3106 486 3162 semel
496 3110 617 3163 iteram-

147 3198 182 3234 ue
201 3176 356 3248 loquutus,·
377 3182 409 3229 ul
425 3175 509 3230 docet
538 3176 617 3231 Voss.

127 3195 183 3311 lc.
198 3250 247 3318 qui
255 3242 452 3317 supplendum
462 3245 620 3299 existimat

129 3316 307 3389 obligatione
325 3319 378 3366 out
397 3312 616 3385 persolutione,

113 3417 114 3420 =
127 3395 180 3439 aut
193 3381 324 3440 similem
336 3399 445 3434 uocem.
470 3379 574 3435 :susis
590 3384 619 3434 ei

127 3451 289 3509 subesudire
308 3451 343 3504 dc
365 3447 486 3512 damno,
507 3457 539 3503 ut
554 3449 617 3501 voti

126 3519 268 3576 uocabulo
283 3538 329 3575 res
344 3525 411 3570 uota
429 3515 617 3592 designetur,

126 3591 215 3646 nauti
233 3607 299 3642 cum
315 3587 443 3641 dicimus
456 3587 548 3658 potiri
567 3605 617 3639 vo-

126 3661 180 3724 tis,
201 3656 264 3712 sub.
283 3657 380 3709 rebus.
399 3654 563 3720 damnatio,
580 3651 618 3710 de

127 3724 239 3791 mulcta
253 3726 397 3798 imposito
413 3735 439 3791 1,
454 3725 483 3789 8,
500 3743 525 3780 1.

92 3841 223 3900 Damon,
244 3836 375 3890 musicus
397 3835 438 3898 15,
458 3852 483 3898 1,
513 3853 536 3889 ι.
556 3828 615 3887 uid.

127 3911 189 3960 not.

439 3974 453 4009 o

93 4002 314 4076 darepetentib.
324 4001 431 4056 aditum
442 4002 615 4058 convenien-

125 4075 155 4129 di
173 4077 200 4141 4,
217 4075 245 4139 3,
265 4074 292 4129 3.
317 4071 404 4125 alicui
421 4089 525 4126 annum
545 4083 616 4136 tem.

124 4138 619 4285 tnznnenana'nn

687 1004 775 1057 super
796 1006 829 1040 re
850 988 890 1051 14,
920 994 961 1049 1ο,
992 1003 1015 1035 ι.
1041 982 1131 1036 filiam
1149 983 1177 1038 ia

686 1055 903 1109 matrimonium
926 1071 969 1117 11,
994 1053 1022 1117 3,
1049 1068 1080 1105 1.·
1096 1051 1176 1134 filiam

686 1132 807 1195 nuptum
819 1125 846 1189 4,
863 1139 888 1186 1,
903 1139 929 1175 1.
946 1131 976 1173 et
992 1133 1034 1184 to,
1052 1138 1076 1184 1,
1093 1137 1117 1173 ι.
1131 1136 1175 1172 1111-

685 1191 801 1262 perium
816 1190 898 1245 urbis
907 1225 916 1255 ,
933 1188 1103 1261 praeficere
1115 1186 1176 1246 urbi

689 1276 713 1322 1,
733 1259 760 1325 3,
783 1270 807 1314 1.
825 1259 869 1314 sic
890 1276 979 1330 saepe
1002 1259 1086 1311 Curi.
1105 1264 1136 1310 ut
1152 1257 1176 1320 3,

686 1326 713 1391 3,
730 1339 754 1383 1.
769 1333 799 1383 ct
812 1327 838 1391 3,
858 1328 902 1391 13,
921 1334 962 1392 14.
980 1325 1053 1378 dare
1070 1340 1176 1377 manunt

687 1396 747 1450 siue
762 1395 861 1468 potius
878 1413 994 1458 manus,
1014 1412 1042 1446 ν.
1062 1401 1123 1447 not.
1140 1392 1175 1448 n·-

687 1471 768 1517 ctum
785 1481 817 1518 se
834 1463 982 1527 confiteri?
989 1479 1033 1527 11,
1054 1480 1078 1528 1,
1093 1466 1176 1528 411-

688 1531 828 1587 canonem
856 1533 899 1586 sui
924 1528 1114 1603 opprimendi
1141 1546 1177 1595 so,

685 1603 714 1666 4,
734 1618 757 1652 ι.
773 1616 894 1672 operam
909 1609 940 1653 ut
955 1617 981 1661 1,
994 1614 1022 1666 7,
1050 1617 1073 1651 1.
1092 1602 1134 1669 [9,
1151 1601 1175 1661 5,

687 1685 713 1721 1.
735 1685 776 1733 17,
793 1685 819 1733 1,
832 1669 857 1722 3.
879 1666 1174 1733 1ο,3,3.13,1,1ζ1

688 1751 807 1809 operam
830 1734 1008 1798 honoribus,
1029 1751 1178 1806 capessere

687 1804 794 1859 honor.
809 1810 851 1872 14,
869 1817 893 1866 1,
912 1824 935 1858 ι.
952 1818 1077 1877 operam
1089 1803 1176 1875 palae·

686 1873 777 1935 strae,
798 1880 826 1928 st
848 1872 917 1927 dere
931 1873 972 1934 15,
987 1878 1047 1938 1,4.
1063 1886 1177 1942 operam

687 1941 732 1992 rei
763 1891 921 2005 familiari,
952 1939 1018 1993 scil.
1054 1937 1178 1994 tuendae

665 2026 670 2034 ⁸
689 2008 904 2080 augendaeque
920 2008 962 2070 15,
977 2014 1005 2074 4,
1020 2008 1048 2063 3.
1063 2008 1177 2077 potesta·

686 2086 762 2141 tem,
789 2096 828 2131 sc.
854 2075 926 2132 belli
968 2075 1076 2133 erendi
1097 2093 1177 2142 17,1,

687 2163 713 2199 1.
729 2144 867 2209 praesidii
883 2093 967 2218 quod
977 2147 1048 2199 satis
1063 2144 1101 2198 est
1114 2144 1176 2208 1,8,

687 2217 715 2271 5.
728 2213 857 2286 signum,
880 2232 919 2268 sc.
947 2214 992 2268 rei
1010 2212 1179 2285 patrandae

689 2301 713 2349 1,
732 2301 760 2350 7,
777 2283 803 2336 3.
825 2283 929 2355 lignum
944 2298 1060 2355 pugnae
1078 2282 1120 2345 13,
1138 2293 1176 2345 11,

664 2362 667 2371 ‘
688 2364 714 2406 1.
730 2352 836 2422 lignum
850 2352 955 2421 praelii
977 2368 1017 2411 ιι,
1034 2367 1061 2416 1,
1077 2369 1104 2404 1.
1120 2360 1177 2402 tan.

685 2428 748 2472 tum
790 2422 909 2471 ecuniae
927 2419 962 2472 ad
979 2419 1087 2472 classes
1104 2415 1177 2470 aedi·

687 2435 829 2550 lioanrlas,
849 2485 985 2557 conferre
1000 2487 1027 2543 3.
1048 2489 1116 2550 3,1.
1134 2486 1188 2541 Sia·

689 2568 825 2628 quantum
855 2561 978 2628 quisque
1008 2553 1110 2619 (lacot,
1140 2551 1179 2608 od

687 2622 887 2680 sublevandos
910 2625 1025 2689 amieos
1044 2622 1111 2678 soil.
1138 2624 1178 2686 15,

686 2693 713 2759 3,
732 2695 758 2748 5.
779 2691 897 2753 [decem
921 2693 1035 2744 talenta.
1048 2688 1085 2744 ad
1106 2689 1178 2743 mari

687 2771 800 2833 partem
816 2759 1002 2812 reficiendam
1022 2761 1065 2822 13,
1082 2764 1110 2826 4,
1137 2765 1177 2818 1.]

687 2839 812 2900 tempus,
831 2827 924 2890 diem,
942 2847 981 2882 ea
997 2829 1176 2900 composito,

708 2896 853 2962 raefinire
877 2898 979 2959 16,1,
1005 2898 1031 2949 5.
1069 2909 1177 2965 tempus

687 2916 810 3030 litteris,
836 2963 1025 3036 impendere„
1050 2964 1178 3018 tribuere

688 3054 714 3098 2,
732 3036 772 3096 io,
790 3053 811 3085 1.
830 3033 1020 3087 testimonium
1038 3032 1126 3085 alicui
1143 3027 1184 3083 ad·
1218 3082 1221 3087 .

687 3102 813 3173 aliquem
837 3103 864 3165 6,
885 3108 912 3168 4,
938 3121 959 3152 1,
980 3101 1047 3154 vela
1063 3099 1176 3167 ¹nentis,

688 3169 725 3226 de
740 3169 865 3225 nauibus
878 3172 917 3229 in
929 3167 1024 3223 altum
1035 3167 1178 3242 provectis

687 3240 730 3303 13,
752 3239 780 3302 8,
803 3257 828 3292 1.
848 3239 983 3300 ueniam,
1003 3235 1176 3301 concedere,

688 3325 822 3362 annuere
846 3304 1006 3379 postulatis
1028 3327 1063 3372 1,
1084 3323 1134 3371 ιο,
1153 3323 1175 3357 1.

688 3393 750 3429 eam
778 3377 908 3440 veniam,
937 3375 970 3428 in
990 3394 1024 3429 eo
1048 3389 1177 3430 annum

686 3449 713 3511 4,
732 3447 760 3510 4,
782 3446 808 3498 6.
834 3462 875 3510 ιο,
893 3462 918 3505 1,
938 3461 964 3494 1.
988 3443 1029 3508 18,
1056 3445 1082 3503 6,
1108 3446 1135 3508 4.
1151 3460 1174 3493 ν.

685 3512 783 3568 venia.
793 3511 862 3564 dare
872 3511 957 3564 alicui
967 3509 1177 3577 iusiurandum,

682 3577 791 3652 jurare
805 3581 848 3645 13,
864 3597 889 3644 1,
906 3582 931 3632 5.
943 3579 986 3633 sic
1002 3580 1097 3633 l'laut.
1111 3579 1176 3632 Mo·

686 3647 764 3704 stell.
790 3650 817 3713 5,
841 3660 867 3713 1,
893 3648 935 3700 36.
957 3653 986 3702 et
1012 3649 1083 3702 Ter.
1108 3646 1176 3702 stec-

685 3718 712 3782 4,
723 3718 820 3799 4,·75.
834 3715 920 3769 alicui
939 3716 1053 3768 clallem
1069 3734 1094 3779 1,
1111 3733 1175 3786 7,1.

659 3833 663 3843 ,
686 3801 822 3850 1111111111,
841 3800 970 3858 arguere
988 3786 1030 3847 15,
1045 3785 1114 3848 8,1.
1131 3781 1178 3836 ‹lc-

686 3870 748 3905 cem
770 3853 863 3906 millia
882 3851 1014 3923 peditum
1044 3865 1074 3914 1,
1099 3856 1128 3920 4,
1154 3869 1177 3904 1.

686 3921 717 3974 id
732 3920 842 3994 negotii
867 3939 894 3989 9,
910 3922 935 3987 4,
955 3933 979 3975 1.
1003 3921 1118 3993 populo
1134 3930 1176 3974 ta-

685 3989 764 4043 lenta
789 3990 902 4061 aliquot
915 3989 1027 4042 muneri
1052 4002 1093 4055 17,
1110 3990 1177 4055 8,6.

686 4060 793 4118 [multa
820 4057 911 4111 millia
945 4057 1080 4130 jugerum
1115 4055 1178 4128 agri

685 4137 806 4179 munera
818 4125 904 4179 alicui
915 4124 942 4186 8,
952 4128 979 4191 4,
990 4143 1015 4179 1.
1030 4127 1179 4199 negotium

685 4193 793 4262 elicui,
819 4193 869 4269 qul
896 4193 1177 4249 111111111εοί1ιὶήί-

1098 4295 1163 4335 cun
