2610 4650
169 298 281 393 s7os
380 256 1024 395 ,conuuuttsuttrouts'
1204 281 1232 307 “·

525 492 529 512 ,
902 431 907 467 “
1066 506 1068 511 ,
1117 496 1121 502 ,

614 810 736 883 aar.
762 778 831 882 Χῖ.
868 850 896 897 4

48 985 50 992 '
91 1018 94 1025 t
131 1008 145 1050 a
254 987 356 1049 Aedis
381 986 499 1155 {artis
529 985 574 1049 est
606 987 641 1049 in
671 988 760 1051 circo
792 987 952 1051 Flaminio
985 986 1195 1053 architectata
1222 989 1266 1050 al⁴

67 1112 69 1121 ·
170 1093 380 1183 Hermodoro
429 1093 590 1154 alaminio.
633 1077 793 1156 Priscianus
809 1094 858 1156 lib.
877 1096 908 1156 8.
938 1092 989 1155 cal.
1012 1114 1085 1176 792.
1243 1171 1247 1179 Ι

131 1225 150 1269 n
218 1256 221 1261 .
255 1188 328 1263 Non
351 1194 488 1282 amplius
509 1213 561 1261 ter
580 1199 695 1262 hibere
719 1199 892 1291 Augustum
919 1202 1050 1264 solitum
1069 1223 1171 1286 super
1187 1222 1255 1264 coe·

94 1382 96 1389 ,
167 1330 240 1370 nam
272 1308 306 1368 in
333 1305 441 1369 castris
471 1306 556 1390 apud
586 1307 772 1382 Mutinam,
815 1310 986 1371 cornelius
1004 1314 1125 1393 Nepos
1154 1298 1255 1371 tradit.
1297 1306 1299 1315 '

171 1417 282 1478 Sueten.
305 1415 377 1495 Aug.
400 1431 457 1494 cap.
474 1434 525 1492 77.
1023 1396 1025 1401 ⁸

47 1496 52 1513 ⁸
104 1510 153 1597 3
239 1522 293 1582 'ln
326 1532 468 1613 entrema
490 1519 678 1581 Britanniae
697 1534 797 1605 ,parte
819 1525 975 1598 Memma,
1020 1545 1116 1606 quam
1141 1527 1256 1597 Corne-

161 1614 234 1697 'lius
261 1616 377 1699 etiam,
417 1616 602 1687 Annalium
615 1624 773 1716 scriptor,
805 1642 914 1690 narrat
943 1630 1081 1693 metallis
1113 1616 1257 1715 plurimis

159 1825 162 1832 Ι
204 1856 221 1922 s
223 1877 252 1930 p.
262 1857 323 1930 809.
334 1859 346 1924 )
367 1855 460 1914 Aedis
471 1856 587 1914 Martis
598 1857 697 1913 archi·
733 1855 912 1912 stussolitus
920 1866 975 1910 etc.
985 1857 1093 1914 omillis
1101 1858 1162 1913 illis
1173 1861 1268 1929 Corn„

163 1935 284 1983 terlata
300 1927 338 1981 ab
361 1925 562 1986 Hermodoro]
600 1926 649 1981 Sic
669 1934 698 1978 et
734 1927 773 1980 N.
789 1924 894 1980 tradit.
916 1927 1033 1980 Bosius.

158 1995 352 2049 machinata
369 1995 551 2061 ualeamus.
571 1994 705 2068 Sallusti3
1098 2000 1100 2011 ·

166 2081 202 2117 us
225 2063 295 2117 Hitt.
324 2062 407 2118 libro
430 2080 455 2115 a.
472 2063 512 2116 At
536 2060 697 2118 Lucullum
768 2063 964 2118 [contremo
988 2063 1181 2122 Britanniae
1195 2083 1260 2140 par·

119 2134 121 2139 '
167 2132 252 2207 regis
261 2149 332 2186 cura
343 2131 522 2187 machinata
523 2129 697 2202 fameshre·
727 2133 777 2194 ie]
799 2133 893 2203 Saepe
914 2132 1094 2204 multumque
1112 2133 1261 2202 dubitavi,

167 2203 197 2256 vi
212 2197 387 2274 fatigabat.
407 2199 464 2254 Sed
489 2197 524 2253 de
546 2200 591 2255 his
610 2217 698 2271 supra
733 2198 792 2251 utri
805 2198 953 2263 Cornelio,
975 2201 1136 2274 Nepotine,
1156 2220 1192 2255 an
1207 2203 1261 2259 Ta·

155 2269 205 2323 ad
219 2270 316 2342 Epist.
332 2266 432 2321 dicere
443 2269 572 2337 memini.
592 2267 697 2323 Arabi·
735 2268 812 2330 cita,
823 2307 828 2315 .
840 2269 920 2334 cujus
938 2269 1084 2342 hodieque
1110 2270 1261 2338 Annales,

167 2341 241 2394 tecti
260 2354 332 2392 vero
351 2335 533 2393 Hermodori
544 2338 585 2390 sie
600 2339 698 2390 memi-
731 2336 805 2388 licct
824 2336 937 2402 mutili,
956 2340 986 2391 in
1007 2339 1142 2392 manibus
1163 2340 1261 2407 dacto·

166 2407 211 2459 nit
227 2403 382 2461 Vitruvius
398 2405 451 2458 lib.
470 2407 496 2459 3.
516 2423 580 2476 cap.
604 2425 627 2460 1.
646 2405 699 2458 Ar·
735 2422 799 2457 rum
824 2405 974 2459 hominum
995 2414 1170 2475 versantur,
1194 2409 1262 2462 haec

165 2475 290 2539 chitrei.
323 2471 586 2546 Quemadmodum
606 2484 651 2530 est
668 2475 700 2528 in
735 2471 853 2524 darem:
872 2471 923 2526 sed
944 2474 1021 2527 dum·
1033 2475 1177 2540 insulam,
1198 2493 1262 2545 oras

168 2543 288 2616 porticu
317 2540 439 2599 Metelli
462 2542 543 2598 lauis
568 2541 701 2597 Statoris
734 2541 906 2594 Britanniae
919 2541 1056 2615 legendo,
1076 2561 1164 2617 saepe
1179 2546 1263 2598 etiam

163 2610 366 2676 ,Hermodori
384 2620 415 2663 ut
431 2609 565 2665 emendat
588 2611 700 2666 Turne·
736 2609 871 2662 inultum
892 2622 1027 2678 evectus,
1047 2610 1207 2684 diligentur
1223 2615 1262 2665 in·

171 2680 226 2735 bus
242 2679 296 2733 lib.
316 2700 357 2734 ιι.
379 2677 493 2734 advers.
516 2696 580 2751 cap.
598 2698 612 2733 n
641 2681 700 2732 hle.
736 2677 855 2750 vestigo,
878 2679 1011 2732 Monam
1021 2679 1140 2751 quidem
1152 2686 1193 2748 ¹4·
1206 2683 1262 2736 An·

168 2748 255 2802 minit
273 2759 301 2802 et
321 2750 367 2803 M.
396 2746 516 2803 Tullius
532 2748 552 2801 l.
570 2766 593 2800 1.
607 2719 643 2804 de
662 2747 701 2804 Ο-
736 2744 818 2809 nuli,
835 2756 864 2798 et
880 2747 910 2798 in
925 2745 1090 2820 Agricolae
1104 2751 1166 2804 viia
1181 2768 1263 2824 repe·

136 2831 138 2836 '
167 2825 282 2875 tutare.
297 2818 444 2873 schottus.
461 2819 520 2870 Pro
535 2816 626 2873 Aedis
638 2835 699 2872 ma·
725 2817 781 2882 *ri3
803 2816 960 2872 Memmiae
975 2834 1063 2880 vero,
1085 2819 1149 2901 vel,
1173 2830 1205 2872 ut
1216 2818 1263 2872 alii

169 2886 330 2941 leSchotto
346 2881 455 2940 editum
471 2882 572 2940 aedes.
592 2886 701 2953 Aedis,
735 2883 817 2947 libri,
827 2884 1021 2947 Minicium
1031 2884 1110 2950 vola,
1120 2886 1262 2940 necvesti-

171 2955 344 3024 dpllai'rtoir,
376 2971 432 3026 pro
461 2950 560 3008 aedes.
584 2956 700 3011 Bosius.
736 2953 825 3025 gium.
850 2952 1033 3026 Xiphilinus
1047 2971 1120 3007 vero
1138 2973 1173 3008 ex
1190 2957 1262 3010 Dia·
1292 2992 1296 3003 ι

104 3053 109 3069 1
171 3023 228 3094 [V.
247 3027 290 3089 25,
307 3041 350 3088 20,
364 3024 390 3078 3.
407 3029 440 3079 et
457 3019 499 3075 ihi
516 3028 596 3083 non]
735 3041 788 3076 ne:
807 3023 1051 3086 Britannorum,
1073 3024 1187 3095 inquit,
1208 3024 1262 3080 dua

489 3154 493 3161 ,
735 3096 806 3146 sunt
811 3108 939 3164 genera,
953 3089 1113 3146 Caledonii
1120 3094 1263 3151 etMaea·

207 3160 275 3216 Non
293 3156 426 3231 untplius
442 3164 487 3214 ter
497 3158 613 3221 bibere]
634 3162 699 3216 Sex.
737 3166 796 3214 tae·
814 3165 895 3241 Quae
910 3179 965 3214 vox
979 3159 1122 3214 Maniam
1137 3179 1152 3213 a
1166 3164 1262 3218 Mona

169 3227 285 3284 Aurelii
308 3227 455 3293 Victoris,
473 3229 540 3293 vel,
559 3237 591 3282 ut
610 3227 700 3285 diser·
735 3230 851 3298 longius
875 3228 998 3282 recedit.
1025 3232 1123 3305 Quare
1148 3231 1182 3284 in
1204 3250 1262 3284 cam

110 3314 113 3323 ‘
170 3297 223 3349 tim
248 3298 310 3350 dac.
334 3295 464 3362 cujacii,
490 3297 628 3351 lCtorum
650 3317 701 3352 no·
736 3301 803 3351 veni
825 3298 1015 3362 sententiam,
1037 3308 1069 3359 ut
1093 3299 1193 3353 nostro
1217 3300 1261 3355 ad·

167 3365 219 3423 stri
236 3365 327 3419 seculi
344 3364 431 3418 facile
446 3365 611 3436 principis,
630 3368 700 3422 scri·
737 3363 924 3420 scribendum
946 3382 1114 3430 censerem,
1138 3366 1207 3421 dum
1225 3370 1261 3422 al·
1282 3366 1289 3403 ¹

170 3445 237 3504 ptus
261 3430 352 3486 codex
376 3434 524 3504 praefert,
556 3436 703 3490 Victorini
736 3445 849 3489 teruter
863 3451 879 3487 e
893 3434 1024 3488 tenebris
1043 3436 1159 3507 integer
1178 3455 1262 3511 appa-

129 3546 130 3550 ,
170 3501 327 3572 Epitoma:
350 3502 481 3574 Cumque
496 3511 574 3559 esset
589 3502 649 3559 cibi
666 3522 702 3558 ac
736 3513 817 3559 reat:
836 3512 864 3556 et
881 3501 1159 3574 ChronicaNepos,
1178 3506 1261 3559 utdi·

83 3626 86 3645 ,
172 3569 236 3626 uini
254 3569 403 3633 multum,
424 3569 617 3642 aliquatenus
635 3590 702 3628 uera
736 3573 783 3637 xi,
801 3568 993 3644 conscripsit,
1036 3572 1261 3629 uoslibrosfot·

170 3639 292 3703 sumni,
311 3639 479 3704 abstinens,
499 3639 646 3697 seruiebat
658 3648 701 3694 ta·
736 3648 812 3695 tasse
830 3641 943 3694 Gothus
958 3589 1209 3706 illelornandes,
1229 3642 1262 3696 si·

172 3727 243 3764 men
258 3705 382 3762 libidini
396 3725 487 3780 usque
502 3709 543 3764 ad
558 3706 702 3782 probrum
736 3726 772 3762 ve
785 3708 809 3762 is
824 3706 977 3777 Jordanus
992 3711 1046 3771 est,
1065 3709 1204 3767 Annales
1215 3729 1261 3764 vo·

168 3775 430 3850 ,uulgarisfaman
450 3778 499 3832 Sic
511 3780 589 3832 enim
603 3780 700 3849 legen·
737 3779 823 3844 cuvit3
846 3780 972 3843 seculus,
991 3788 1024 3830 ut
1037 3781 1192 3849 suspicor,
1212 3779 1261 3832 ati-

172 3844 242 3915 ¹(lum
264 3847 334 3900 olim
353 3845 519 3901 docuimus:
538 3844 600 3900 vini
623 3847 701 3898 enirn
736 3857 809 3918 quot
821 3844 1012 3900 Gothicarum
1025 3863 1126 3900 rerum
1140 3849 1261 3922 scripto·

83 3945 85 3949 ν
170 3924 279 3973 natura
313 3912 508 3984 parcissimum
535 3914 700 3987 Augustum,
735 3933 801 3977 res,
834 3933 979 3986 quorum,
1009 3925 1130 3988 praeter
1157 3934 1261 3972 nomen

179 3979 378 4054 Tranquillus
396 3984 554 4036 auctorest
574 4001 637 4054 cap.
657 4002 702 4048 77.
728 3981 845 4049 inane,
869 3984 942 4037 nihil
973 3980 1008 4036 ad
1034 4001 1088 4036 nos
1110 3985 1260 4056 pervenit:

176 4052 326 4107 Schottus.
344 4052 549 4121 ¹Repusuimus
577 4059 607 4105 el
637 4050 703 4105 heic
738 4049 980 4123 quemadmodum
1001 4050 1081 4105 libro
1104 4055 1209 4124 priore
1229 4055 1262 4105 E·

175 4119 443 4181 verhaSuetonii:
475 4139 540 4172 nam
566 4119 702 4175 schottus
730 4120 876 4192 ‚pitamam
894 4121 972 4175 illam
986 4120 1022 4177 L.
1040 4120 1164 4178 Annaei
1174 4122 1263 4180 Sene·

174 4189 376 4265 ntutilavcrat:
397 4189 435 4247 N.
459 4206 488 4245 a.
505 4198 529 4247 t.
552 4188 581 4246 b.
599 4187 701 4264 Augu·
736 4207 806 4258 cae,
825 4205 900 4266 quae
916 4190 1004 4267 uulgo
1020 4190 1056 4250 L.
1077 4189 1164 4249 llere
1183 4190 1262 4250 attri-
