2610 4650
172 293 498 367 calomenus
534 294 1046 390 onnnnnnneunanu
1088 299 1147 379 a„

66 496 109 558 ad
142 497 373 560 emendandum
403 498 589 585 Cornelium
618 456 723 561 lacem
756 499 924 584 praeferre
934 450 961 574 ‚l
979 505 1149 591 exemplo,-

65 601 157 688 quod
172 603 226 665 bic
241 619 435 688 proponam,
458 605 535 667 sutis
551 605 778 669 declarabitur.
894 634 897 640 ·
1100 638 1104 643 ·
1197 623 1224 677 ‘s

146 736 269 804 Locum
309 737 520 827 praelationis
562 736 773 804 Corneliauae
797 758 846 811 xu.
868 745 900 812 4.
936 736 971 808 ie
1006 718 1145 823 vulgatis

65 841 303 927 exemplaribus
347 841 390 902 ita
430 834 594 926 legimus:
652 840 743 902 Nulla
783 842 973 904 uncelenum
1016 863 1072 904 tam
1109 842 1147 924 est

35 946 164 1010 ‚credilis
202 950 313 1026 vidue,
362 967 430 1031 quae
458 960 519 1010 ‘erma
554 947 592 1008 ad
631 964 735 1008 scenam
772 966 817 1008 eat
852 948 971 1009 mercede
1003 951 1143 1015 cottducte.

63 1054 175 1120 Verba
198 1054 294 1128 haec,
330 1069 364 1118 ut
391 1072 477 1117 name
501 1052 632 1140 quidem
652 1052 825 1128 habentur,
869 1075 966 1136 quum
991 1057 1065 1141 quia
1088 1056 1147 1142 p'aa'
1163 1073 1217 1118 ιιι

64 1184 136 1224 rum
149 1163 263 1224 Latine
279 1158 364 1221 dicta
380 1158 462 1232 sint,
484 1174 551 1222 tum
566 1159 640 1243 quia
655 1159 981 1223 Lacedaemoniorum
997 1163 1145 1229 morihu'e'
1161 1234 1165 1241 x

64 1289 100 1329 ac
116 1267 244 1349 legibus
259 1279 457 1350 repugnent,
479 1288 497 1326 a
512 1270 638 1350 Nepote
652 1255 820 1349 proficisci
835 1287 900 1327 non
915 1268 1070 1350 posside,
1093 1268 1145 1330 id.-

65 1392 171 1457 eoque
197 1372 388 1434 medicinam
414 1371 587 1457 depravato
612 1370 686 1433 loco
716 1371 1037 1463 circumspiciendum
1061 1352 1142 1456 effe,

64 1477 200 1561 copiose
214 1491 346 1563 patruus
361 1499 473 1552 meus,
496 1475 892 1562 J0.Mich.Heulingerus‚
915 1478 949 1540 in
964 1479 1143 1543 adnotatio·

63 1605 104 1646 ne
122 1582 358 1646 demonstravit.
380 1587 423 1647 Et
440 1584 481 1646 de
499 1585 709 1668 corruptione
724 1585 786 1666 jam
806 1583 986 1669 suspicatus
1002 1584 1045 1647 cll
1061 1586 1143 1649 Hie·

63 1711 215 1772 ronymus
229 1690 373 1773 Magius,
397 1691 452 1775 qui
481 1688 627 1763 testatur,
650 1690 743 1753 fuiss'e
768 1711 865 1774 quum
886 1670 951 1751 non
968 1691 1005 1750 ad
1020 1690 1144 1773 seersum,

63 1797 122 1887 sed
133 1777 461 1880 a'dcoenamlegendum
472 1797 535 1859 elle
550 1795 724 1887 censuerit.
747 1795 900 1891 Quamvis
914 1816 993 1859 vero
1004 1797 1141 1879 Magius,

63 1901 287 1966 emendatione
296 1925 359 1964 sua
373 1903 556 1987 repudiata,
579 1900 619 1966 ad
635 1899 869 1963 defendendam
882 1901 1057 1964 lectionem
1070 1900 1142 1968 vulo

64 2022 184 2090 gutum,
208 2008 297 2089 cujus
319 2002 664 2093 explicatione-frustra
681 2025 717 2067 se
740 2020 887 2090 torquet,
909 2027 1062 2069 reversus
1087 2008 1140 2086 sit,
1179 2046 1184 2053 .

62 2114 240 2196 Magianam
255 2116 360 2176 tamen
379 2113 646 2196 conjecturam'ad
658 2130 763 2173 coenam
779 2112 982 2197 amplectitur
997 2127 1091 2198 atque
1107 2114 1154 2176 ess‘·

14 2208 21 2220 ’
63 2219 171 2281 cudite
189 2224 298 2282 tuetur
321 2218 451 2281 illustris
469 2222 538 2294 tir,
567 2218 620 2282 do.
642 2217 755 2280 Mattb.
777 2219 959 2293 (icmarus,
991 2241 1030 2281 ex
1051 2204 1140 2313 pejus
1228 2255 1232 2259 -

63 2324 193 2399 epistola
208 2327 249 2388 ad
265 2348 300 2388 se
315 2329 403 2389 milla
415 2341 548 2412 patruus
559 2332 650 2389 iueus
659 2323 740 2386 hanc
754 2325 1014 2402 observationem
1028 2347 1139 2388 excer-

61 2445 147 2516 ptam
164 2425 358 2497 adnotationi
384 2456 458 2497 suae
479 2432 629 2501 inseruit.
658 2433 704 2491 lta
723 2431 912 2516 placuerunt
934 2445 1048 2514 patruo
1061 2452 1143 2495 -meo-

62 2539 284 2602 Gesnerianae
308 2543 469 2631 rationes,
491 2538 526 2602 ul
540 2540 575 2601 in
592 2536 747 2615 addendis
765 2536 806 2598 ad
826 2524 966 2620 Nepotis,
988 2538 1039 2599 sui
1054 2561 1088 2622 p.
1106 2526 1139 2616 3.
1173 2542 1176 2559 “

61 2644 189 2706 testatus
205 2647 265 2720 sit,
288 2648 321 2708 in
338 2648 476 2732 antiquis
499 2643 659 2733 impreffis
672 2643 740 2726 legi
753 2642 936 2726 adsecutum,
960 2638 1146 2727 undepro:

60 2774 137 2813 num
154 2753 197 2813 sit
212 2754 368 2836 colligere
382 2753 550 2842 adnectam.
573 2747 575 2752 ’

146 2882 251 2966 Atque
278 2885 321 2944 ita
344 2879 405 2955 est,
434 2883 470 2944 in
490 2881 714 2967 antiquillimis
736 2881 923 2942 Latinorum
944 2882 1140 2966 scriptorum
1182 2900 1188 2909 ·

62 2989 230 3051 codicibus
241 3003 411 3073 utrumque
425 2987 614 3049 vocabulum
627 3007 731 3047 coetum
744 2988 904 3068 etscaeuam
919 2986 1138 3073 eademdiph.

60 3097 183 3179 thongo
211 3097 365 3180 scriptum
388 3095 470 3168 effe,
498 3093 689 3186 frequenter
707 3093 927 3156 animadverti.
969 3089 1143 3177 Postquam

60 3223 141 3274 vcro
168 3224 244 3293 mos·
264 3203 424 3275 invaluit„
449 3221 479 3260 ae
501 3198 734 3283 diphthongum
749 3201 783 3262 in
799 3199 1142 3284 simplexrtmutundiy

59 3329 151 3371 cutam
166 3316 200 3369 et
208 3307 313 3390 scenam
327 3308 362 3368 in
379 3306 525 3373 omnibus
541 3307 613 3371 fere
630 3309 761 3392 scriptis
778 3322 811 3369 et
826 3289 861 3367 iu
874 3307 984 3367 multis
997 3307 1139 3389 impres·

60 3414 108 3479 sis
124 3412 291 3477 codicibus
309 3413 486 3497 reperitur.
509 3415 598 3475 Haec
616 3415 846 3477 vocubulo'rum
863 3410 1039 3474 similitudo
1057 3410 1144 3472 luci·

59 3522 92 3582 le
113 3523 222 3605 potuit
242 3519 385 3583 librariis
405 3518 599 3581 occalionem
615 3519 809 3583 confufionis
828 3518 1000 3604 praebere.
1026 3519 1145 3600 ltaque

57 3627 181 3688 lactum
203 3628 267 3689 elle
289 3627 323 3685 in
342 3625 568 3712 loeo'Arbitri
593 3647 662 3710 cup.
682 3626 825 3688 xxxin.
844 3621 962 3686 condat
982 3643 1022 3684 ax
1036 3621 1141 3684 adnue
1236 3636 1238 3649 '

58 3732 237 3803 sationibus
274 3733 443 3797 doctorum
466 3733 610 3795 virorum
639 3726 1141 3815 inexemplambus'Btnmanni

59 3858 129 3901 sec.
147 3837 199 3899 ed.
218 3862 253 3923 p.
276 3840 343 3919 178.
363 3840 396 3902 b.
419 3838 617 3934 Quamquam
628 3838 709 3904 baec
727 3838 833 3900 omniu
854 3848 1049 3920 magnopore
1066 3840 1160 3895 sua-⁵

59 3943 319 4023 desevidentur,
341 3962 377 4009 ut
391 3947 424 4008 in
443 3946 517 4007 looo
531 3947 680 4030 Nepotis,
698 3943 861 4029 quiscerem
875 3941 970 4025 plane
984 3950 1213 4027 nepem-¹122

54 4065 132 4124 tur,
154 4054 190 4113 ad
207 4074 311 4115 coenam
327 4051 552 4141 restituamus,¹
565 4050 665 4131 majus
678 4044 1040 4125 temen'conliemuodee
1060 4044 1143 4106 huie
1245 4133 1248 4137 Ι

56 4158 277 4228 emendationi
291 4161 427 4247 pondus·
439 4158 598 4229 accedite
617 4156 733 4223 eodic'e
752 4152 1045 4237 Gualplerbytano·
1074 4152 1142 4225 110³
