2610 4650
108 253 214 365 'ms
382 330 386 338 .
581 284 859 353 sunus*

53 402 1236 459 ἃιὰ--ιι-ι--ι-ὑ--ι--ψῄ--ῳ-ι-ῃ

748 502 870 555 maxime
886 498 1007 553 illustria
1030 503 1076 570 13,
1100 521 1127 569 ι,
1143 517 1169 558 2.
1187 502 1241 555 illu.

747 570 834 624 [trior
850 580 878 622 et
897 568 1075 624 honoratior
1097 573 1143 638 18,
1165 590 1188 638 1,
1207 577 1240 631 1.]

749 639 920 692 illustriores
936 636 1107 709 legationes
1126 658 1170 707 ιο,
1187 661 1210 703 1,
1219 642 1242 707 4.

749 705 968 761 illultrissimum.
987 708 1159 780 praelium,
1182 705 1243 763 cele·

749 774 912 831 berrimum
920 780 948 840 4,
967 794 992 849 s,
1004 792 1031 830 2.
1043 774 1244 851 quodquidam

748 845 801 906 sub
817 845 907 916 ipsam
916 845 1179 917 proscriptionem
1188 860 1244 915 pcr-

748 911 857 965 illustrc
880 912 951 973 init,
979 913 1065 985 quod
1088 918 1242 989 praecipue

748 988 812 1035 tum
831 978 968 1054 intelligi
992 989 1023 1038 et
1040 978 1189 1057 judicari
1204 1000 1245 1057 pu·

747 1051 805 1104 tuit
823 1052 868 1115 25,
889 1067 930 1116 12,
941 1053 968 1105 3.
988 1052 1091 1106 Vorst.
1188 1060 1191 1064 '

93 541 98 549 ·
186 500 581 560 tisnotafaciebant.et5.in
597 500 678 557 Verr.

153 594 156 599 ·
186 573 353 647 producere
369 570 406 626 ad
422 571 549 645 ignotos.
569 569 679 628 Lamb.

150 681 218 752 ille,
238 681 429 751 celebritatis,
439 681 557 754 faniae,
577 679 679 737 laudis

184 759 319 825 respectu
328 749 476 806 additum.
490 752 678 804 Pittacusiile

182 821 213 887 8,
227 829 256 890 4,
277 841 302 876 2.
318 821 503 891 l’ylaemenes
519 820 574 875 illa
594 825 634 887 14,
652 838 678 884 2,

184 909 211 945 2.
235 890 284 944 ille
305 888 353 941 vir
370 891 411 956 14,
428 911 471 954 11,
489 889 632 956 5.³25,13,
653 908 676 942 ι.

183 976 244 1012 non
257 957 306 1012 ille
321 954 438 1029 quidem
457 956 566 1022 major,
586 956 678 1011 abun-

184 1021 241 1082 dat
255 1025 427 1100 eleganter,
448 1044 509 1080 non
528 1026 594 1081 sine
612 1045 678 1081 uer-

184 1114 220 1150 νο
244 1101 362 1162 tamen,
393 1094 436 1161 18,
464 1117 489 1162 1,
515 1113 539 1147 1.
564 1097 601 1148 ab
626 1096 678 1148 illo

184 1161 287 1217 eodem
300 1165 360 1218 vita
373 1165 504 1237 privatus
514 1161 623 1216 dieitur
633 1181 676 1226 21,
713 1159 866 1224 illustrari,
886 1160 990 1234 notum
1003 1160 1245 1238 clarumquefie·

740 1229 786 1295 ri,
805 1230 954 1301 ausoniae
964 1229 1181 1289 celebritatem
1189 1252 1243 1303 per·
1257 1261 1259 1267 ·

748 1301 862 1359 uenire,
883 1318 908 1366 2,
920 1302 980 1365 ι,4.
993 1300 1244 1358 nisimalisidees
1283 1350 1285 1363 .

747 1385 827 1432 esse,
855 1386 891 1420 ac
910 1364 1098 1440 dignitatib.
1123 1368 1244 1443 publicis
1282 1390 1285 1469 7

181 1232 211 1297 3,
226 1236 253 1300 4.
271 1233 319 1284 ille
336 1231 398 1302 ipse
418 1251 445 1300 7,
463 1234 491 1298 b,
510 1234 536 1299 4.
560 1231 603 1284 illi
621 1232 677 1303 ipsi

170 1307 227 1363 aa,
243 1319 268 1369 9,
281 1301 306 1355 b.
324 1304 367 1356 sic
383 1317 494 1373 quaque
510 1299 581 1352 illud
593 1318 677 1354 usur·

84 1378 87 1383 ’
150 1380 154 1385 ’
181 1376 273 1442 putur
288 1387 355 1425 cum
379 1376 452 1423 nota
477 1365 602 1424 celebris
627 1373 680 1422 aut

149 1452 153 1458 ·
181 1438 314 1493 usitatae
337 1440 520 1502 sententiae,
551 1436 674 1492 aeriber-

184 1503 236 1565 bii.
263 1519 453 1581 praeceptum
471 1502 543 1558 illud
558 1506 585 1570 8,
609 1525 634 1563 2,
651 1506 677 1560 3.

183 1574 246 1634 [illi
266 1587 391 1643 vocant,
411 1572 466 1633 ille
481 1579 549 1630 cuin
567 1573 679 1628 ciuibus

83 1666 86 1671 ’
181 1644 246 1699 suis
267 1660 294 1713 9,
312 1645 339 1711 3,
360 1642 405 1706 3.]
426 1645 562 1709 Ceterum
576 1640 678 1698 iubis

181 1710 343 1785 exemplis:
367 1712 440 1767 illud
460 1728 577 1775 manea,
598 1730 633 1765 ne
649 1730 676 1776 7,

147 1834 150 1842 ,
179 1779 208 1845 8,
232 1782 265 1835 5.·
285 1781 356 1835 illud
379 1781 544 1847 recusavit,
572 1797 608 1832 ne
633 1782 676 1847 23,

162 1896 169 1907 .
184 1868 227 1916 12,
243 1851 270 1906 3.
290 1849 362 1902 illud
377 1869 465 1904 unum
483 1848 606 1921 intelligi
625 1868 677 1902 vo-

180 1916 275 1972 lumus
293 1920 336 1979 25,
357 1937 397 1981 11,
416 1921 442 1974 3.
461 1906 612 1971 illud‘sine
627 1915 676 1976 du-

179 1983 249 2051 bio,
269 1986 414 2038 neminem
438 1993 491 2041 cet.
511 1987 540 2053 8,
565 2007 589 2047 1,
609 2007 633 2039 ι.
650 2003 675 2040 ν.

181 2061 244 2109 not.
259 2053 332 2106 illud
348 2052 518 2116 addubitat,
539 2064 634 2106 utrum
649 2072 676 2123 9,

171 2123 208 2190 a,
225 2125 260 2202 4¹2
275 2124 352 2178 sutis
369 2120 464 2178 elucet
480 2122 607 2193 irrepente
622 2121 678 2175 ὁει.

747 1436 1244 1586 {restaurassent
1283 1530 1285 1541 .

747 1582 847 1643 quatur
866 1593 888 1628 c.
914 1595 939 1638 2,
961 1597 985 1630 ι.
1008 1578 1128 1646 primus
1146 1575 1243 1650 gradus
1283 1598 1285 1603 ·

733 1641 931 1711 acapellendae
949 1642 1026 1713 reip.
1056 1645 1114 1701 Sic
1131 1653 1188 1709 oet.
1206 1643 1243 1699 la·
1282 1678 1285 1691 ι

746 1710 794 1781 pis
813 1710 967 1766 Ferrariae
990 1716 1023 1768 in
1049 1713 1184 1771 aedibus
1204 1708 1241 1769 tr.
1283 1722 1285 1769 Ι

749 1777 976 1836 Guicciardini:
995 1782 1243 1845 ORNAMENTIS
1283 1776 1285 1789 '

746 1848 1244 1905 DECURIONATUSILLUSTRA·

747 1917 826 1969 TUS.
858 1914 1010 1973 Similiter
1032 1916 1242 1991 accipiendum

747 1981 878 2040 estillrul
887 1985 1016 2039 salviani
1026 1982 1084 2041 lib.
1101 1991 1129 2055 4.
1141 1998 1243 2060 utpau·

747 2051 773 2104 ci
796 2053 987 2119 illustrentur,
1014 2054 1144 2109 mundus
1169 2071 1241 2110 ever·

745 2119 818 2174 titur
825 2140 834 2187 3
854 2121 940 2174 unius
957 2123 1057 2176 honor
1072 2123 1160 2177 orbis
1176 2120 1241 2178 excl-

179 2208 282 2258 κτιιιη,
300 2193 332 2246 in
342 2193 386 2246 rei
399 2189 448 2251 ,uel
464 2189 678 2247 denuntianda

180 2258 399 2342 magnitucline
430 2280 467 2344 oe
493 2260 676 2343 'momentim
714 2293 736 2348 Π

180 2326 226 2384 uel
235 2328 415 2400 exerprenda
426 2327 679 2400 distinguendam

746 2187 826 2242 dium
842 2189 886 2243 est.
902 2209 927 2244 u.
940 2189 1063 2246 Buclm.
1076 2192 1157 2248 thes·
1193 2194 1196 2199 ’

746 2289 838 2343 llatae
853 2289 921 2347 uide
936 2293 1104 2358 Helotes.]]

180 2399 350 2471 grauitate,
384 2395 429 2452 ael
450 2395 605 2461 flectenda
636 2395 676 2449 orl
714 2389 827 2460 [imago
849 2413 873 2461 ι,
892 2396 918 2458 6,
935 2394 982 2452 3.]
1004 2394 1163 2466 imaginem
1181 2412 1241 2448 cou-

177 2467 374 2542 praecipuum
390 2464 555 2520 docilitate.
568 2463 674 2527 Aliter,

177 2542 208 2590 et
222 2553 287 2596 cum
295 2534 406 2608 figura
418 2531 676 2590 dissimulationis

164 2621 216 2655 uc
239 2603 464 2674 mitigationis,
493 2605 525 2656 in
552 2623 601 2665 re,
629 2601 677 2656 cui

178 2668 374 2735 uocabulum,
394 2670 610 2726 detrectatione
628 2669 674 2741 ju-

102 2749 105 2754 “
177 2738 271 2806 elicii,
287 2759 400 2812 ponere
412 2739 570 2801 nolumus,
590 2759 673 2795 usur·-

175 2815 268 2886 patur
291 2809 351 2875 ibi,
380 2820 511 2864 secutum
534 2808 574 2861 est
601 2808 655 2861 illu

157 2882 220 2945 ab,
240 2878 268 2945 8,
288 2902 311 2935 ι.
328 2878 430 2934 Boecl.
503 2918 505 2922 ,

141 2977 211 3042 illuc
234 2988 294 3051 [1·8,
312 2971 405 3058 9,’5.]
426 2985 476 3041 sed
492 2984 673 3039 illocredea-

175 3074 237 3109 mus
262 3077 304 3124 17,
323 3060 350 3122 4,
369 3059 395 3112 3.
416 3055 466 3110 s'ed
483 3056 552 3109 illuc
571 3071 673 3107 rever.

169 3132 223 3183 tor
239 3143 279 3190 ιο,
293 3131 319 3190 t,
334 3127 360 3180 5.
379 3127 411 3183 in
429 3122 674 3199 digressionibus

167 3189 332 3255 finiendis.
354 3194 450 3249 Vorll.

142 3309 267 3367 illudere
279 3313 426 3384 aliquem,
445 3308 560 3366 callido
572 3314 675 3369 inuen-

745 2460 906 2514 saetudinis
922 2473 1009 2533 atque
1025 2462 1106 2514 vitae
1126 2463 1241 2529 alicujus

744 2529 920 2595 exprimere,
940 2549 1040 2585 mores
1050 2529 1241 2587 etuitumuli·

746 2595 832 2672 cujus
849 2598 1015 2654 describere
1032 2601 1076 2663 15,
1098 2620 1124 2666 1,
1134 2601 1162 2656 3.
1178 2601 1240 2652 ima·

745 2668 826 2738 gines
845 2669 916 2720 alar.
941 2667 1076 2721 virorum
1093 2674 1140 2737 25,
1159 2668 1240 2737 18,2⁶.

657 2807 690 2860 d⁴
710 2775 802 2828 imbui
823 2775 1033 2849 cupiditatibus
1059 2797 1102 2844 ιο,
1119 2782 1149 2847 4,
1168 2780 1195 2836 3.

709 2886 819 2940 imitari
832 2887 959 2958 aliquem
973 2887 1073 2960 aliqua
1090 2889 1119 2942 in
1133 2907 1168 2942 re
1185 2889 1240 2943 vel·

742 2956 770 3007 le
785 2975 825 3021 ιο,
840 2957 866 3017 3,
885 2979 908 3010 ι.
920 2955 1165 3034 consuetudinem
1180 2974 1241 3032 gen-

741 3023 797 3093 tis,
817 3023 952 3080 maribus
968 3043 1034 3100 ejus
1048 3028 1147 3084 uiuere
1158 3046 1186 3098 7,
1202 3049 1240 3095 ιι,

743 3092 770 3146 5.

617 3217 620 3223 ·
710 3192 849 3248 imitator.
867 3197 972 3257 ¹moris
998 3198 1145 3263 maiorum
1173 3213 1240 3253 sum·

743 3282 805 3318 mus
820 3265 950 3319 imitator
967 3266 1022 3319 luit
1038 3268 1083 3333 25,
1105 3270 1150 3334 18,
1169 3289 1193 3323 ι.

176 3385 208 3434 to
216 3377 331 3449 fallere
345 3381 388 3446 23,
406 3399 446 3444 10,
467 3398 489 3432 1.
508 3400 533 3433 υ.
546 3383 623 3434 Voss.
640 3382 677 3438 de
712 3375 916 3440 immerentes,
939 3375 1079 3447 innoxii,
1109 3379 1241 3433 insontes

58 3469 68 3513 '.
143 3479 151 3491 -x
172 3455 338 3502 ⁸construet¹
349 3467 374 3504 c.
384 3450 428 3516 43.
441 3456 470 3504 et
479 3450 581 3503 Boecl.
593 3450 675 3507 clere·

178 3523 268 3573 stam.
290 3518 366 3572 Tem·
667 3538 670 3542 '

144 3625 262 3684 illustris
272 3624 453 3694 adolescens,
463 3629 590 3701 generis
596 3645 674 3702 resp.

179 3713 222 3755 22,
238 3696 265 3762 3,
281 3713 306 3749 2·
325 3694 577 3768 illustl'lffisspw·
590 3698 677 3753 3⁰³¹·
711 3725 871 3779 immittere
883 3729 1027 3794 iumenta,
1045 3745 1086 3784 sc.
1106 3729 1149 3785 ad
1165 3729 1241 3787 nost.

179 3760 451 3829 ἀξιοιινημόνεοτόν
470 3780 497 3815 τι
519 3769 563 3832 25,
586 3766 628 3828 18,
647 3786 673 3820 2.

179 3831 288 3887 illustre
308 3832 416 3885 factum
439 3833 469 3884 in
493 3850 527 3884 re
550 3833 672 3892 militari

748 3463 789 3509 ιο,
810 3465 852 3512 ιο,
873 3465 896 3498 ι.

711 3555 880 3621 imminere,
898 3555 1002 3612 moliri
1018 3558 1241 3631 oppressionem

749 3625 790 3688 18,
815 3643 855 3689 10,
871 3627 897 3679 3.

743 3802 846 3851 castra
867 3798 909 3861 23,
928 3799 955 3864 5,
972 3811 999 3851 2.
1179 3822 1182 3827 Δ

178 3899 206 3964 3,
230 3919 260 3969 2,-
280 3921 306 3955 2.
329 3901 466 3959 [maxime
487 3899 544 3954 fuit
565 3900 674 3962 illustre
708 3895 900 3951 immoderata
914 3899 1051 3960 licentia,
1068 3896 1158 3975 uulgi
1176 3896 1239 3955 scil.

168 3969 224 4037 '15‚
239 3990 266 4038 7,
283 3968 330 4029 3.]
348 3969 455 4022 illustre
469 3967 506 4021 ast
524 3970 549 4023 ei
571 3969 634 4028 [vel
645 3994 673 4028 e.
743 3963 915 4022 libertatem
932 3987 1019 4024 suam
1032 3969 1240 4040 intemperate·

177 4036 244 4105 jus]
262 4038 402 4103 maxime,
419 4040 480 4095 insi
504 4058 542 4095 ne
559 4036 674 4111 σάφα.
708 4082 713 4089 .
743 4041 789 4089 ter
813 4034 953 4094 habentis
976 4045 1005 4095 et
1027 4034 1243 4093 inlicentiatus

179 4124 265 4166 mam
279 4124 322 4173 21,
339 4126 363 4176 ι,
374 4109 401 4162 3.
421 4055 608 4166 [ιιπξῐοοιιοῑ
623 4116 673 4168 hu.
708 4152 725 4174 .‚
743 4105 887 4160 uertentis
900 4125 927 4174 7,
943 4109 971 4174 4,
986 4110 1013 4173 4.
1031 4105 1136 4159 Boecl.

178 4172 225 4247 ius
240 4175 507 4253 praeclare-faeta,
529 4175 580 4233 sed
601 4175 675 4242 haec
709 4187 904 4259 immodestia,
934 4189 981 4249 ele
999 4191 1129 4252 licentia
1150 4193 1242 4254 mtltt·
