2610 4650
159 304 515 375 ‘FRAGMENTA
549 305 1060 406 secerneremur,
1102 307 1164 382 408
1238 350 1241 354 ·

84 520 260 598 fucututelf:
294 519 345 601 sed
361 541 452 580 onum
470 483 581 585 diceodi„
592 540 680 602 gratur
695 521 740 600 vei
755 518 832 605 lottge
852 518 1019 600 arreffltum,
1054 522 1097 582 uel
1112 525 1165 579 im·
1213 527 1216 531 ’

84 627 219 708 politum,
242 624 285 687 vei
303 627 436 687 tumidum
451 647 530 707 atque
548 624 688 705 imfirma,
711 625 754 686 vei
768 628 783 711 (
795 608 972 710 utappeficni
986 627 1002 708 )
1018 625 1165 706 floridum,

87 753 118 792 et
133 733 260 815 juratum
272 774 295 814 „
312 732 355 792 vel
372 732 534 813 adipatum,
562 752 590 790 er
606 734 701 817 pingue
708 732 728 804 ,²
747 733 791 795 uel
808 739 999 816 inquinatum,
1028 746 1061 794 er·
1070 733 1166 815 fludi-

88 840 173 914 dum,
197 839 241 899 uel
259 844 447 920 peregrinum,
471 858 498 898 et
515 820 709 918 hypojifoecum
726 838 901 921 usurparunt.
928 841 933 851 ⁴
996 822 1004 855 '¹

173 967 262 1033 Nihil
292 966 421 1030 illorum
442 962 604 1052 reperitur
630 967 663 1029 in
683 960 872 1052 fragmentis
901 950 1039 1046 ιιιιιιιιιι,Ι
1089 954 1170 1095 quof

93 1070 164 1139 rum
198 1078 414 1169 Latinitapem
429 1095 524 1136 aurea
553 1088 654 1137 aetate
687 1095 722 1136 ac
755 1076 883 1160 Nepote
913 1075 1041 1160 dignum
1063 1072 1171 1163 quivis

94 1184 219 1267 peritus
252 1181 373 1245 ar=bitei
401 1180 489 1242 facili
517 1183 650 1266 negotio
679 1192 858 1266 agnoscet,
900 1182 997 1281 modo
1030 1204 1071 1245 ue
1079 1180 1180 1285 quid,

96 1290 310 1375 praejudicati
328 1288 367 1348 ad
388 1289 507 1361 caullac
528 1288 747 1377 coguitionem
768 1285 908 1373 adferat,
931 1310 1038 1372 neque
1055 1289 1173 1359 incon-

99 1386 238 1458 siderate
256 1418 294 1458 ex
314 1395 419 1480 primo
439 1392 590 1479 adspectu
612 1394 802 1456 sententiam
821 1394 1021 1478 pronuntiet.
1063 1380 1175 1459 facile

98 1502 187 1563 enim
200 1501 346 1564 accidere
366 1517 422 1597 pot
411 1501 486 1576 test,
526 1514 560 1563 ut
577 1499 658 1562 haec
679 1500 856 1584 fragmenta
876 1500 1015 1582 primuni
1036 1482 1181 1567 in't'uenii'

98 1606 276 1689 longillime
298 1631 315 1669 u
335 1592 404 1670 ftilo
425 1594 625 1693 reliquorum
647 1609 782 1688 Nepotis
806 1627 940 1689 operum
955 1598 1157 1671 recedere
1125 1632 1176 1671 ιι

1144 833 1244 932 ,ιιι

99 1709 251 1787 deantur,
292 1735 357 1776 non
379 1714 470 1775 aliam
492 1706 542 1775 ob
555 1712 708 1784 caulium,
742 1733 836 1794 quam
857 1711 931 1794 quia
953 1727 1060 1774 cetera
1078 1715 1175 1807 liujus
1210 1795 1212 1798 Ι

99 1821 243 1881 auctoris
267 1822 413 1904 scripta
404 1821 474 1882 ab
466 1833 596 1882 ineunte
619 1833 720 1881 aetate
742 1819 911 1880 familiaria
938 1818 1000 1880 sibi
1020 1794 1183 1895 reddidit,

101 1924 137 1987 in
157 1922 209 1988 his
231 1947 329 2001 tero,
358 1940 526 2012 numquam
542 1936 640 1989 antea
659 1924 773 2001 fectis,
805 1924 894 2011 quod
912 1908 1012 2019 aliter
1025 1920 1125 2033 fieri
1119 1948 1179 1990 ne·

101 2030 192 2115 quit,
229 2033 334 2093 omnia
355 2054 436 2097 nova
456 2048 550 2119 atque
571 2032 713 2095 inaudita
735 2030 918 2097 occurrunt.
969 2026 1085 2121 ζ’

186 2154 291 2215 Etiam
311 2152 373 2217 hoe
394 2157 566 2218 tenendum
588 2152 647 2230 ιιι,
690 2156 807 2218 mirum
833 2138 939 2221 videri
959 2177 1024 2216 uon
1045 2136 1187 2245 debere,¹

105 2254 135 2320 si
149 2248 374 2344 perspicuitati
395 2261 646 2344 fragmentorum
667 2226 895 2353 aliquantulum
917 2262 1020 2337 obsit,
1036 2238 1143 2364 quod
1161 2283 1187 2343 ⁸.

104 2380 258 2428 contextu
285 2382 318 2429 et
345 2369 582 2432 continuatione
605 2367 763 2430 sermonis
785 2367 917 2473 abrupta
939 2383 1039 2433 sunt·
1072 2387 1182 2467 quum

103 2468 245 2532 haud&
212 2494 418 2555 ignoremus,
456 2489 606 2561 quantum
626 2475 708 2536 lucis
731 2469 870 2551 orationi
893 2491 926 2537 et
946 2475 1066 2549 exiis,
1101 2495 1189 2561 quae¹
1224 2549 1229 2555 ι

105 2578 282 2660 antegrell'a
302 2594 391 2653 sunt,
422 2583 551 2656 verbis,
590 2595 622 2643 et
642 2603 669 2656 ex
683 2560 951 2664 consequentibus
972 2580 1104 2642 adfundi
1128 2601 1182 2642 so·
1237 2630 1240 2635 .

104 2682 182 2756 leat.
224 2688 291 2746 Nec
312 2683 470 2768 praeliare
492 2687 609 2762 ausim,
635 2672 827 2772 bominem,
858 2687 913 2770 qui
934 2688 1023 2773 locos
1046 2685 1119 2749 istos
1142 2672 1184 2748 ex
1215 2699 1222 2722 ‘

74 2863 80 2869 ,
105 2795 235 2875 Nepote
257 2793 441 2877 excerpsit,
474 2816 511 2855 ea
531 2793 698 2877 diligentia
717 2813 753 2854 ac
775 2791 838 2854 lide
860 2813 929 2873 rem
950 2788 1063 2876 egilfe,
1093 2804 1183 2855 utne

107 2892 245 2958 verbum
274 2892 403 2980 ιιιιιιιιιιιι
432 2900 602 2974 omiserit,
648 2913 700 2963 aut
727 2890 833 2961 etiam
854 2896 894 2959 de
924 2919 982 2960 suo
1010 2880 1181 2978 addiderit.

107 3007 209 3066 lmmo
232 3023 271 3064 ex
292 3002 365 3087 ipso
385 3026 506 3081 more,
524 3027 587 3092 quo
607 3020 736 3069 veteres
757 3002 857 3067 rerba
878 3016 1063 3079 auctorum,
1101 3023 1183 3086 quos

108 3113 144 3176 in
165 3108 376 3173 tetimonium
398 3111 609 3188 advocabant,
639 3112 791 3207 proferre
813 3110 977 3184 solebant,
999 3104 1184 3192 intelligere
1237 3144 1241 3169 ι

108 3213 191 3279 ιιιιιιι
211 3235 295 3277 nunc
315 3213 448 3292 videor,
486 3216 591 3303 priori
619 3208 813 3303 fragmento
828 3216 929 3305 verba
948 3215 1003 3278 itta
1026 3218 1115 3276 Νοιι
1107 3236 1184 3299 agno·

110 3346 178 3386 rure
199 3323 275 3384 debes
291 3321 334 3384 ab
356 3322 557 3408 exscriptore
578 3314 700 3406 adiecta
720 3324 807 3398 effe,
850 3338 885 3386 ut
910 3308 1101 3386 sententiam
1120 3320 1186 3384 ful-

114 3431 200 3494 ciret
221 3426 349 3513 periodi
371 3428 615 3514 consequentis,
637 3430 725 3516 quod
745 3416 1002 3503 antecedentem,
1034 3448 1091 3491 seu
1112 3428 1186 3513 quia

112 3537 245 3619 longior
267 3551 352 3611 erat,
389 3558 446 3598 seu
468 3537 542 3631 quia
562 3534 602 3598 ed
623 3556 754 3622 scopum
759 3520 972 3622 praefentetb'
992 3536 1186 3600 nonfacere
1281 3598 1285 3611 ,

77 3698 80 3703 ,
113 3634 303 3718 ridebatur,
332 3642 530 3706 describere
537 3642 651 3707 noluit.
696 3644 760 3707 Sed
780 3643 859 3707 haec
880 3641 1000 3706 ethis·
1006 3630 1121 3704 similia
1138 3654 1186 3702 ut

118 3770 257 3836 cumque
279 3748 449 3812 existimata
470 3762 581 3827 erunt,
622 3751 690 3814 lau's
719 3764 823 3814 tamen
853 3747 929 3814 setis
957 3762 1068 3833 magna
1088 3745 1186 3808 debe·

115 3871 171 3921 tur
191 3843 441 3940 fragmentorum
463 3855 683 3922 conservatori
699 3898 707 3933 ,
750 3856 904 3944 quod'e'o
925 3853 1036 3919 habitu
1054 3852 1187 3940 pelleri-

71 3960 74 3967 ’
115 3962 176 4026 tati
201 3961 254 4024 illa
274 3963 482 4048 propagavit,
520 3977 555 4025 ut
575 3961 744 4028 conflet
714 3986 763 4028 ers
784 3962 912 4028 nativus
931 3961 990 4026 ille
1010 3958 1189 4046 purillimae'

118 4068 324 4154 eloquentiae
347 4082 494 4144 ornatus,
524 4068 564 4131 ad
586 4088 680 4155 quem
700 4070 806 4147 nullut
826 4072 974 4188 nmquam
991 4068 1118 4136 butan
1135 4076 1188 4129 ees
1268 4086 1274 4097 ’

114 4176 151 4242 vi
174 4178 316 4261 scriptor
336 4162 497 4262 adspircre
510 4176 665 4266 ιιόιιιιι.·Ἰ

677 4281 735 4355 C'c
755 4302 778 4358 a

1203 3623 1267 3702 eo
