<?xml version="1.0" encoding="UTF-8"?>
<!DOCTYPE html PUBLIC "-//W3C//DTD XHTML 1.0 Transitional//EN"
    "http://www.w3.org/TR/xhtml1/DTD/xhtml1-transitional.dtd">
<html xmlns="http://www.w3.org/1999/xhtml" xml:lang="en" lang="en">
 <head>
  <title>
</title>
<meta http-equiv="Content-Type" content="text/html;charset=utf-8" />
  <meta name='ocr-system' content='tesseract 3.04.00' />
  <meta name='ocr-capabilities' content='ocr_page ocr_carea ocr_par ocr_line ocrx_word'/>
</head>
<body>
  <div class='ocr_page' id='page_1' title='image "./corneliinepotis00bosegoog_0448.png"; bbox 0 0 2610 4650; ppageno 0'>
   <div class='ocr_carea' id='block_1_1' title="bbox 120 293 183 365">
    <p class='ocr_par' dir='ltr' id='par_1_1' title="bbox 120 293 183 365">
     <span class='ocr_line' id='line_1_1' title="bbox 120 293 183 365; baseline 0.016 -15"><span class='ocrx_word' id='word_1_1' title='bbox 120 293 183 365; x_wconf 71' lang='lat'><em>54¹</em></span> 
     </span>
    </p>
   </div>
   <div class='ocr_carea' id='block_1_2' title="bbox 422 284 840 355">
    <p class='ocr_par' dir='ltr' id='par_1_2' title="bbox 422 284 840 355">
     <span class='ocr_line' id='line_1_2' title="bbox 422 284 840 355; baseline 0.026 -13"><span class='ocrx_word' id='word_1_2' title='bbox 422 332 425 339; x_wconf 95' lang='lat'><em>.</em></span> <span class='ocrx_word' id='word_1_3' title='bbox 507 288 762 355; x_wconf 69' lang='lat' dir='ltr'><em>:tubex</em></span> <span class='ocrx_word' id='word_1_4' title='bbox 836 284 840 289; x_wconf 83' lang='grc'><strong>’</strong></span> 
     </span>
    </p>
   </div>
   <div class='ocr_carea' id='block_1_3' title="bbox 133 420 1207 601">
    <p class='ocr_par' dir='ltr' id='par_1_3' title="bbox 133 420 1207 601">
     <span class='ocr_line' id='line_1_3' title="bbox 133 420 1205 464; baseline 0.014 -18"><span class='ocrx_word' id='word_1_5' title='bbox 133 420 1205 464; x_wconf 40' lang='grc' dir='ltr'><em>-ὴ-α--ψ--ι--Ἢ</em></span> 
     </span>
     <span class='ocr_line' id='line_1_4' title="bbox 151 503 1207 601; baseline 0.012 -40"><span class='ocrx_word' id='word_1_6' title='bbox 151 504 189 562; x_wconf 88' lang='lat' dir='ltr'><em>de</em></span> <span class='ocrx_word' id='word_1_7' title='bbox 204 504 377 566; x_wconf 73' lang='lat' dir='ltr'><em>Alexandri</em></span> <span class='ocrx_word' id='word_1_8' title='bbox 391 528 416 563; x_wconf 85' lang='grc' dir='ltr'><em>ν.</em></span> <span class='ocrx_word' id='word_1_9' title='bbox 429 512 461 577; x_wconf 51' lang='grc' dir='ltr'><em>Χ6.</em></span> <span class='ocrx_word' id='word_1_10' title='bbox 479 514 547 583; x_wconf 84' lang='lat' dir='ltr'><em>post</em></span> <span class='ocrx_word' id='word_1_11' title='bbox 561 503 646 580; x_wconf 76' lang='lat' dir='ltr'><em>cujus</em></span> <span class='ocrx_word' id='word_1_12' title='bbox 660 504 882 578; x_wconf 57' lang='lat' dir='ltr'><em>‘Eurysthenem</em></span> <span class='ocrx_word' id='word_1_13' title='bbox 900 526 956 564; x_wconf 78' lang='lat' dir='ltr'><em>rec</em></span> <span class='ocrx_word' id='word_1_14' title='bbox 968 507 1081 587; x_wconf 81' lang='lat' dir='ltr'><em>Spart.</em></span> <span class='ocrx_word' id='word_1_15' title='bbox 1100 530 1140 587; x_wconf 84' lang='grc'><em>27,</em></span> <span class='ocrx_word' id='word_1_16' title='bbox 1155 538 1178 601; x_wconf 75' lang='grc' dir='ltr'><em>ι,</em></span> <span class='ocrx_word' id='word_1_17' title='bbox 1185 536 1207 581; x_wconf 83' lang='grc'><em>2,</em></span> 
     </span>
    </p>
   </div>
   <div class='ocr_carea' id='block_1_4' title="bbox 91 575 646 711">
    <p class='ocr_par' dir='ltr' id='par_1_4' title="bbox 91 575 646 711">
     <span class='ocr_line' id='line_1_5' title="bbox 149 575 644 652; baseline 0.002 -22"><span class='ocrx_word' id='word_1_18' title='bbox 149 583 278 637; x_wconf 81' lang='lat' dir='ltr'><em>mortem</em></span> <span class='ocrx_word' id='word_1_19' title='bbox 305 578 512 652; x_wconf 77' lang='lat' dir='ltr'><em>Cappadociae</em></span> <span class='ocrx_word' id='word_1_20' title='bbox 527 575 644 651; x_wconf 75' lang='lat' dir='ltr'><em>praese·</em></span> 
     </span>
     <span class='ocr_line' id='line_1_6' title="bbox 91 642 646 711; baseline -0.002 -13"><span class='ocrx_word' id='word_1_21' title='bbox 91 676 95 685; x_wconf 90' lang='lat'><em>·</em></span> <span class='ocrx_word' id='word_1_22' title='bbox 150 650 215 701; x_wconf 83' lang='lat' dir='ltr'><em>ctus</em></span> <span class='ocrx_word' id='word_1_23' title='bbox 230 642 400 701; x_wconf 84' lang='lat' dir='ltr'><em>destinatur</em></span> <span class='ocrx_word' id='word_1_24' title='bbox 414 665 439 701; x_wconf 90' lang='lat' dir='ltr'><em>c.</em></span> <span class='ocrx_word' id='word_1_25' title='bbox 457 666 483 711; x_wconf 99' lang='grc'><em>2,</em></span> <span class='ocrx_word' id='word_1_26' title='bbox 502 665 529 700; x_wconf 90' lang='grc'><em>2.</em></span> <span class='ocrx_word' id='word_1_27' title='bbox 550 646 646 699; x_wconf 62' lang='lat' dir='ltr'><em>teon</em></span> 
     </span>
    </p>
   </div>
   <div class='ocr_carea' id='block_1_5' title="bbox 717 583 849 647">
    <p class='ocr_par' dir='ltr' id='par_1_5' title="bbox 717 583 849 647">
     <span class='ocr_line' id='line_1_7' title="bbox 717 583 849 647; baseline 0.03 -3"><span class='ocrx_word' id='word_1_28' title='bbox 717 593 756 644; x_wconf 83' lang='lat'><em>¹7·</em></span> <span class='ocrx_word' id='word_1_29' title='bbox 774 594 802 647; x_wconf 69' lang='lat'><em>¹7³</em></span> <span class='ocrx_word' id='word_1_30' title='bbox 821 583 849 640; x_wconf 69' lang='lat'><em>4·</em></span> 
     </span>
    </p>
   </div>
   <div class='ocr_carea' id='block_1_6' title="bbox 150 709 1204 789">
    <p class='ocr_par' dir='ltr' id='par_1_6' title="bbox 150 709 1204 789">
     <span class='ocr_line' id='line_1_8' title="bbox 150 709 1204 789; baseline 0.009 -25"><span class='ocrx_word' id='word_1_31' title='bbox 150 713 218 766; x_wconf 82' lang='lat' dir='ltr'><em>nati</em></span> <span class='ocrx_word' id='word_1_32' title='bbox 230 712 361 769; x_wconf 73' lang='lat' dir='ltr'><em>insidias</em></span> <span class='ocrx_word' id='word_1_33' title='bbox 379 713 544 769; x_wconf 65' lang='lat' dir='ltr'><em>vitatas.</em></span> <span class='ocrx_word' id='word_1_34' title='bbox 571 712 643 767; x_wconf 88' lang='lat' dir='ltr'><em>Per·</em></span> <span class='ocrx_word' id='word_1_35' title='bbox 679 712 712 763; x_wconf 64' lang='grc' dir='ltr'><em>α’</em></span> <span class='ocrx_word' id='word_1_36' title='bbox 729 711 861 786; x_wconf 74' lang='lat' dir='ltr'><em>originis</em></span> <span class='ocrx_word' id='word_1_37' title='bbox 874 712 902 766; x_wconf 86' lang='lat' dir='ltr'><em>si</em></span> <span class='ocrx_word' id='word_1_38' title='bbox 926 709 1148 777; x_wconf 74' lang='lat' dir='ltr'><em>nificationem</em></span> <span class='ocrx_word' id='word_1_39' title='bbox 1159 716 1204 789; x_wconf 68' lang='lat' dir='ltr'><em>‚ba-</em></span> 
     </span>
    </p>
   </div>
   <div class='ocr_carea' id='block_1_7' title="bbox 117 773 644 2288">
    <p class='ocr_par' dir='ltr' id='par_1_7' title="bbox 117 773 644 2288">
     <span class='ocr_line' id='line_1_9' title="bbox 150 773 644 854; baseline -0.002 -21"><span class='ocrx_word' id='word_1_40' title='bbox 150 778 254 836; x_wconf 85' lang='lat' dir='ltr'><em>diccae</em></span> <span class='ocrx_word' id='word_1_41' title='bbox 267 773 357 845; x_wconf 71' lang='lat' dir='ltr'><em>fidus</em></span> <span class='ocrx_word' id='word_1_42' title='bbox 384 801 407 837; x_wconf 90' lang='lat' dir='ltr'><em>c.</em></span> <span class='ocrx_word' id='word_1_43' title='bbox 430 785 457 847; x_wconf 96' lang='grc'><em>3,</em></span> <span class='ocrx_word' id='word_1_44' title='bbox 478 800 501 834; x_wconf 89' lang='grc'><em>2.</em></span> <span class='ocrx_word' id='word_1_45' title='bbox 526 787 644 854; x_wconf 78' lang='lat' dir='ltr'><em>pugnat</em></span> 
     </span>
     <span class='ocr_line' id='line_1_10' title="bbox 149 851 640 915; baseline 0 -14"><span class='ocrx_word' id='word_1_46' title='bbox 149 852 217 902; x_wconf 90' lang='lat' dir='ltr'><em>&#39;cum</em></span> <span class='ocrx_word' id='word_1_47' title='bbox 234 852 405 915; x_wconf 79' lang='lat' dir='ltr'><em>Crateroet</em></span> <span class='ocrx_word' id='word_1_48' title='bbox 420 851 511 905; x_wconf 84' lang='lat' dir='ltr'><em>uincit</em></span> <span class='ocrx_word' id='word_1_49' title='bbox 527 867 552 902; x_wconf 87' lang='lat' dir='ltr'><em>c.</em></span> <span class='ocrx_word' id='word_1_50' title='bbox 570 861 597 915; x_wconf 87' lang='lat'><em>4,</em></span> <span class='ocrx_word' id='word_1_51' title='bbox 617 869 640 903; x_wconf 89' lang='lat'><em>1.</em></span> 
     </span>
     <span class='ocr_line' id='line_1_11' title="bbox 148 915 642 991; baseline 0 -21"><span class='ocrx_word' id='word_1_52' title='bbox 148 915 317 972; x_wconf 88' lang='lat' dir='ltr'><em>damnatur</em></span> <span class='ocrx_word' id='word_1_53' title='bbox 332 919 441 991; x_wconf 87' lang='lat' dir='ltr'><em>capitis</em></span> <span class='ocrx_word' id='word_1_54' title='bbox 457 936 482 972; x_wconf 90' lang='lat' dir='ltr'><em>c.</em></span> <span class='ocrx_word' id='word_1_55' title='bbox 504 921 531 980; x_wconf 83' lang='lat'><em>5,</em></span> <span class='ocrx_word' id='word_1_56' title='bbox 550 937 573 971; x_wconf 87' lang='lat'><em>1.</em></span> <span class='ocrx_word' id='word_1_57' title='bbox 591 916 642 970; x_wconf 85' lang='lat' dir='ltr'><em>ob-</em></span> 
     </span>
     <span class='ocr_line' id='line_1_12' title="bbox 124 982 643 1057; baseline -0.004 -18"><span class='ocrx_word' id='word_1_58' title='bbox 124 1000 127 1005; x_wconf 86' lang='lat'>&#39;</span> <span class='ocrx_word' id='word_1_59' title='bbox 148 1002 247 1040; x_wconf 85' lang='lat' dir='ltr'><em>sessus</em></span> <span class='ocrx_word' id='word_1_60' title='bbox 255 982 401 1042; x_wconf 89' lang='lat' dir='ltr'><em>callidum</em></span> <span class='ocrx_word' id='word_1_61' title='bbox 411 987 643 1057; x_wconf 76' lang='lat' dir='ltr'><em>usurpatineen-</em></span> 
     </span>
     <span class='ocr_line' id='line_1_13' title="bbox 146 1051 642 1124; baseline 0 -18"><span class='ocrx_word' id='word_1_62' title='bbox 146 1060 211 1106; x_wconf 84' lang='lat' dir='ltr'><em>turn</em></span> <span class='ocrx_word' id='word_1_63' title='bbox 231 1073 255 1107; x_wconf 85' lang='lat' dir='ltr'><em>u.</em></span> <span class='ocrx_word' id='word_1_64' title='bbox 278 1062 304 1122; x_wconf 86' lang='lat'><em>4.</em></span> <span class='ocrx_word' id='word_1_65' title='bbox 324 1053 423 1109; x_wconf 69' lang='lat' dir='ltr'><em>evadit</em></span> <span class='ocrx_word' id='word_1_66' title='bbox 441 1072 465 1105; x_wconf 88' lang='grc' dir='ltr'><em>υ.</em></span> <span class='ocrx_word' id='word_1_67' title='bbox 488 1070 514 1121; x_wconf 88' lang='lat'><em>7.</em></span> <span class='ocrx_word' id='word_1_68' title='bbox 541 1051 642 1124; x_wconf 80' lang='lat' dir='ltr'><em>Olym·</em></span> 
     </span>
     <span class='ocr_line' id='line_1_14' title="bbox 146 1119 641 1194; baseline 0.002 -19"><span class='ocrx_word' id='word_1_69' title='bbox 146 1120 234 1194; x_wconf 75' lang='lat' dir='ltr'><em>piacli</em></span> <span class='ocrx_word' id='word_1_70' title='bbox 248 1121 411 1193; x_wconf 68' lang='lat' dir='ltr'><em>prudenter</em></span> <span class='ocrx_word' id='word_1_71' title='bbox 429 1119 560 1176; x_wconf 84' lang='lat' dir='ltr'><em>consulit</em></span> <span class='ocrx_word' id='word_1_72' title='bbox 575 1140 598 1176; x_wconf 88' lang='lat' dir='ltr'><em>o.</em></span> <span class='ocrx_word' id='word_1_73' title='bbox 614 1123 641 1184; x_wconf 83' lang='lat'><em>6.</em></span> 
     </span>
     <span class='ocr_line' id='line_1_15' title="bbox 145 1188 643 1257; baseline -0.006 -10"><span class='ocrx_word' id='word_1_74' title='bbox 145 1208 172 1247; x_wconf 85' lang='grc'><em>2.</em></span> <span class='ocrx_word' id='word_1_75' title='bbox 194 1197 224 1243; x_wconf 89' lang='lat' dir='ltr'><em>et</em></span> <span class='ocrx_word' id='word_1_76' title='bbox 248 1188 428 1257; x_wconf 64' lang='lat' dir='ltr'><em>subuenite.</em></span> <span class='ocrx_word' id='word_1_77' title='bbox 448 1191 473 1244; x_wconf 78' lang='lat'><em>5.</em></span> <span class='ocrx_word' id='word_1_78' title='bbox 502 1189 643 1245; x_wconf 81' lang='lat' dir='ltr'><em>aduersus</em></span> 
     </span>
     <span class='ocr_line' id='line_1_16' title="bbox 122 1256 643 1330; baseline 0 -19"><span class='ocrx_word' id='word_1_79' title='bbox 122 1257 335 1330; x_wconf 55' lang='lat' dir='ltr'><em>antigonum</em></span> <span class='ocrx_word' id='word_1_80' title='bbox 374 1256 486 1317; x_wconf 83' lang='lat' dir='ltr'><em>bellum</em></span> <span class='ocrx_word' id='word_1_81' title='bbox 518 1259 643 1329; x_wconf 76' lang='lat' dir='ltr'><em>suscipit</em></span> 
     </span>
     <span class='ocr_line' id='line_1_17' title="bbox 146 1327 640 1399; baseline 0.002 -21"><span class='ocrx_word' id='word_1_82' title='bbox 146 1342 170 1378; x_wconf 89' lang='lat' dir='ltr'><em>c.</em></span> <span class='ocrx_word' id='word_1_83' title='bbox 191 1342 217 1395; x_wconf 86' lang='lat'><em>7,</em></span> <span class='ocrx_word' id='word_1_84' title='bbox 229 1334 232 1340; x_wconf 85' lang='lat'>&#39;</span> <span class='ocrx_word' id='word_1_85' title='bbox 244 1329 267 1381; x_wconf 78' lang='grc' dir='ltr'>ι’.</span> <span class='ocrx_word' id='word_1_86' title='bbox 289 1327 411 1399; x_wconf 87' lang='lat' dir='ltr'><em>imperii</em></span> <span class='ocrx_word' id='word_1_87' title='bbox 428 1329 640 1381; x_wconf 86' lang='lat' dir='ltr'><em>auctoritatem</em></span> 
     </span>
     <span class='ocr_line' id='line_1_18' title="bbox 145 1392 639 1466; baseline 0.002 -19"><span class='ocrx_word' id='word_1_88' title='bbox 145 1392 227 1466; x_wconf 90' lang='lat' dir='ltr'><em>opud</em></span> <span class='ocrx_word' id='word_1_89' title='bbox 241 1411 311 1457; x_wconf 88' lang='lat' dir='ltr'><em>suos</em></span> <span class='ocrx_word' id='word_1_90' title='bbox 333 1401 501 1451; x_wconf 88' lang='lat' dir='ltr'><em>commeato</em></span> <span class='ocrx_word' id='word_1_91' title='bbox 523 1412 639 1450; x_wconf 86' lang='lat' dir='ltr'><em>assecu-</em></span> 
     </span>
     <span class='ocr_line' id='line_1_19' title="bbox 145 1463 637 1537; baseline -0.002 -21"><span class='ocrx_word' id='word_1_92' title='bbox 145 1468 192 1518; x_wconf 87' lang='lat' dir='ltr'><em>tus</em></span> <span class='ocrx_word' id='word_1_93' title='bbox 205 1482 231 1516; x_wconf 83' lang='grc' dir='ltr'>υ.</span> <span class='ocrx_word' id='word_1_94' title='bbox 250 1482 276 1517; x_wconf 75' lang='lat' dir='ltr'><em>a.</em></span> <span class='ocrx_word' id='word_1_95' title='bbox 294 1463 386 1518; x_wconf 84' lang='lat' dir='ltr'><em>uincit</em></span> <span class='ocrx_word' id='word_1_96' title='bbox 406 1464 593 1536; x_wconf 80' lang='lat' dir='ltr'><em>Antigonum</em></span> <span class='ocrx_word' id='word_1_97' title='bbox 606 1482 637 1537; x_wconf 76' lang='lat' dir='ltr'><em>¹c.</em></span> 
     </span>
     <span class='ocr_line' id='line_1_20' title="bbox 143 1531 638 1597; baseline 0 -12"><span class='ocrx_word' id='word_1_98' title='bbox 143 1531 171 1597; x_wconf 86' lang='lat'><em>8,</em></span> <span class='ocrx_word' id='word_1_99' title='bbox 188 1552 211 1586; x_wconf 91' lang='lat'><em>1.</em></span> <span class='ocrx_word' id='word_1_100' title='bbox 223 1536 432 1587; x_wconf 86' lang='lat' dir='ltr'><em>ueteranorum</em></span> <span class='ocrx_word' id='word_1_101' title='bbox 448 1531 573 1586; x_wconf 88' lang='lat' dir='ltr'><em>licentia</em></span> <span class='ocrx_word' id='word_1_102' title='bbox 583 1532 638 1585; x_wconf 87' lang='lat' dir='ltr'><em>im·</em></span> 
     </span>
     <span class='ocr_line' id='line_1_21' title="bbox 142 1598 638 1675; baseline -0.002 -21"><span class='ocrx_word' id='word_1_103' title='bbox 142 1598 265 1673; x_wconf 85' lang='lat' dir='ltr'><em>peditur</em></span> <span class='ocrx_word' id='word_1_104' title='bbox 283 1619 308 1657; x_wconf 83' lang='grc' dir='ltr'><em>ν.</em></span> <span class='ocrx_word' id='word_1_105' title='bbox 333 1620 360 1656; x_wconf 86' lang='grc'><em>2.</em></span> <span class='ocrx_word' id='word_1_106' title='bbox 382 1602 565 1675; x_wconf 82' lang='lat' dir='ltr'><em>Antigonum</em></span> <span class='ocrx_word' id='word_1_107' title='bbox 584 1598 638 1653; x_wconf 90' lang='lat' dir='ltr'><em>ad-</em></span> 
     </span>
     <span class='ocr_line' id='line_1_22' title="bbox 144 1668 637 1739; baseline 0.006 -19"><span class='ocrx_word' id='word_1_108' title='bbox 144 1674 315 1723; x_wconf 80' lang='lat' dir='ltr'><em>uentantem</em></span> <span class='ocrx_word' id='word_1_109' title='bbox 337 1668 455 1725; x_wconf 78' lang='lat' dir='ltr'><em>deludit</em></span> <span class='ocrx_word' id='word_1_110' title='bbox 476 1676 542 1723; x_wconf 87' lang='lat' dir='ltr'><em>arte</em></span> <span class='ocrx_word' id='word_1_111' title='bbox 564 1686 588 1722; x_wconf 92' lang='lat' dir='ltr'><em>c.</em></span> <span class='ocrx_word' id='word_1_112' title='bbox 610 1688 637 1739; x_wconf 85' lang='lat'><em>9.</em></span> 
     </span>
     <span class='ocr_line' id='line_1_23' title="bbox 144 1733 639 1813; baseline -0.004 -22"><span class='ocrx_word' id='word_1_113' title='bbox 144 1738 192 1791; x_wconf 85' lang='lat' dir='ltr'><em>cui</em></span> <span class='ocrx_word' id='word_1_114' title='bbox 211 1734 344 1809; x_wconf 80' lang='lat' dir='ltr'><em>perfidia</em></span> <span class='ocrx_word' id='word_1_115' title='bbox 365 1736 497 1793; x_wconf 87' lang='lat' dir='ltr'><em>militurn</em></span> <span class='ocrx_word' id='word_1_116' title='bbox 518 1733 639 1813; x_wconf 85' lang='lat' dir='ltr'><em>deditur</em></span> 
     </span>
     <span class='ocr_line' id='line_1_24' title="bbox 118 1804 639 1875; baseline 0.002 -16"><span class='ocrx_word' id='word_1_117' title='bbox 118 1844 123 1851; x_wconf 85' lang='lat'>-</span> <span class='ocrx_word' id='word_1_118' title='bbox 143 1822 169 1859; x_wconf 87' lang='lat' dir='ltr'><em>c.</em></span> <span class='ocrx_word' id='word_1_119' title='bbox 191 1823 232 1866; x_wconf 77' lang='grc' dir='ltr'><em>ιο,</em></span> <span class='ocrx_word' id='word_1_120' title='bbox 253 1826 278 1860; x_wconf 87' lang='grc'><em>2.</em></span> <span class='ocrx_word' id='word_1_121' title='bbox 294 1813 561 1875; x_wconf 77' lang='lat' dir='ltr'><em>-et.conseruasset</em></span> <span class='ocrx_word' id='word_1_122' title='bbox 585 1804 639 1860; x_wconf 89' lang='lat' dir='ltr'><em>ille</em></span> 
     </span>
     <span class='ocr_line' id='line_1_25' title="bbox 143 1873 637 1930; baseline 0.002 -3"><span class='ocrx_word' id='word_1_123' title='bbox 143 1893 168 1927; x_wconf 85' lang='lat' dir='ltr'><em>u.</em></span> <span class='ocrx_word' id='word_1_124' title='bbox 191 1875 218 1928; x_wconf 75' lang='lat'><em>3.</em></span> <span class='ocrx_word' id='word_1_125' title='bbox 238 1874 299 1927; x_wconf 86' lang='lat' dir='ltr'><em>nisi</em></span> <span class='ocrx_word' id='word_1_126' title='bbox 316 1874 432 1930; x_wconf 85' lang='lat' dir='ltr'><em>inuidia</em></span> <span class='ocrx_word' id='word_1_127' title='bbox 452 1873 574 1929; x_wconf 86' lang='lat' dir='ltr'><em>consilii</em></span> <span class='ocrx_word' id='word_1_128' title='bbox 593 1882 637 1928; x_wconf 87' lang='lat' dir='ltr'><em>ta·</em></span> 
     </span>
     <span class='ocr_line' id='line_1_26' title="bbox 119 1941 638 2023; baseline 0.002 -27"><span class='ocrx_word' id='word_1_129' title='bbox 119 1942 203 2013; x_wconf 76' lang='lat' dir='ltr'><em>-tius</em></span> <span class='ocrx_word' id='word_1_130' title='bbox 213 1941 376 1999; x_wconf 76' lang='lat' dir='ltr'><em>obstitisset</em></span> <span class='ocrx_word' id='word_1_131' title='bbox 388 1963 413 1997; x_wconf 89' lang='lat' dir='ltr'><em>c.</em></span> <span class='ocrx_word' id='word_1_132' title='bbox 430 1961 471 1999; x_wconf 86' lang='grc'><em>22.</em></span> <span class='ocrx_word' id='word_1_133' title='bbox 489 1943 587 2023; x_wconf 75' lang='lat' dir='ltr'><em>igitur</em></span> <span class='ocrx_word' id='word_1_134' title='bbox 604 1944 638 1997; x_wconf 89' lang='lat' dir='ltr'><em>in</em></span> 
     </span>
     <span class='ocr_line' id='line_1_27' title="bbox 119 2008 635 2086; baseline 0.004 -24"><span class='ocrx_word' id='word_1_135' title='bbox 119 2046 122 2051; x_wconf 88' lang='lat'><em>-</em></span> <span class='ocrx_word' id='word_1_136' title='bbox 140 2008 251 2064; x_wconf 85' lang='lat' dir='ltr'><em>duram</em></span> <span class='ocrx_word' id='word_1_137' title='bbox 265 2008 432 2079; x_wconf 77' lang='lat' dir='ltr'><em>custodiam</em></span> <span class='ocrx_word' id='word_1_138' title='bbox 448 2019 598 2086; x_wconf 66' lang='lat' dir='ltr'><em>conjectus</em></span> <span class='ocrx_word' id='word_1_139' title='bbox 610 2028 635 2064; x_wconf 87' lang='lat' dir='ltr'><em>c.</em></span> 
     </span>
     <span class='ocr_line' id='line_1_28' title="bbox 143 2079 636 2151; baseline 0.002 -19"><span class='ocrx_word' id='word_1_140' title='bbox 143 2096 184 2143; x_wconf 83' lang='lat'><strong>1&#39;1,</strong></span> <span class='ocrx_word' id='word_1_141' title='bbox 206 2099 230 2132; x_wconf 87' lang='grc'><em>2.</em></span> <span class='ocrx_word' id='word_1_142' title='bbox 245 2079 391 2134; x_wconf 78' lang='lat' dir='ltr'><em>insciente</em></span> <span class='ocrx_word' id='word_1_143' title='bbox 406 2079 534 2151; x_wconf 85' lang='lat' dir='ltr'><em>denique</em></span> <span class='ocrx_word' id='word_1_144' title='bbox 549 2081 636 2136; x_wconf 84' lang='lat' dir='ltr'><em>Anti·</em></span> 
     </span>
     <span class='ocr_line' id='line_1_29' title="bbox 117 2146 638 2219; baseline 0.01 -21"><span class='ocrx_word' id='word_1_145' title='bbox 117 2162 222 2219; x_wconf 75' lang='lat' dir='ltr'><em>·gono</em></span> <span class='ocrx_word' id='word_1_146' title='bbox 241 2146 426 2212; x_wconf 82' lang='lat' dir='ltr'><em>interficitur</em></span> <span class='ocrx_word' id='word_1_147' title='bbox 445 2168 469 2202; x_wconf 83' lang='lat' dir='ltr'><em>c·</em></span> <span class='ocrx_word' id='word_1_148' title='bbox 497 2170 538 2214; x_wconf 86' lang='lat'><em>12,</em></span> <span class='ocrx_word' id='word_1_149' title='bbox 555 2154 583 2217; x_wconf 80' lang='lat'><em>4·</em></span> <span class='ocrx_word' id='word_1_150' title='bbox 607 2155 638 2205; x_wconf 84' lang='lat' dir='ltr'><em>et</em></span> 
     </span>
     <span class='ocr_line' id='line_1_30' title="bbox 117 2213 633 2288; baseline 0.008 -21"><span class='ocrx_word' id='word_1_151' title='bbox 117 2220 122 2229; x_wconf 85' lang='grc'><strong>’</strong></span> <span class='ocrx_word' id='word_1_152' title='bbox 139 2213 179 2267; x_wconf 88' lang='lat' dir='ltr'><em>ab</em></span> <span class='ocrx_word' id='word_1_153' title='bbox 193 2233 228 2269; x_wconf 92' lang='lat' dir='ltr'><em>eo</em></span> <span class='ocrx_word' id='word_1_154' title='bbox 243 2215 411 2282; x_wconf 73' lang='lat' dir='ltr'><em>honorifice</em></span> <span class='ocrx_word' id='word_1_155' title='bbox 427 2214 592 2288; x_wconf 81' lang='lat' dir='ltr'><em>funeratur</em></span> <span class='ocrx_word' id='word_1_156' title='bbox 609 2236 633 2272; x_wconf 90' lang='lat' dir='ltr'><em>c.</em></span> 
     </span>
    </p>
   </div>
   <div class='ocr_carea' id='block_1_8' title="bbox 81 2284 219 2355">
    <p class='ocr_par' dir='ltr' id='par_1_8' title="bbox 81 2284 219 2355">
     <span class='ocr_line' id='line_1_31' title="bbox 81 2284 219 2355; baseline 0.029 -8"><span class='ocrx_word' id='word_1_157' title='bbox 81 2334 83 2340; x_wconf 84' lang='lat'>-</span> <span class='ocrx_word' id='word_1_158' title='bbox 124 2284 219 2355; x_wconf 64' lang='lat'><strong>‚1324</strong></span> 
     </span>
    </p>
   </div>
   <div class='ocr_carea' id='block_1_9' title="bbox 105 2407 635 2609">
    <p class='ocr_par' dir='ltr' id='par_1_9' title="bbox 105 2407 635 2609">
     <span class='ocr_line' id='line_1_32' title="bbox 105 2407 634 2487; baseline 0.015 -30"><span class='ocrx_word' id='word_1_159' title='bbox 105 2407 259 2487; x_wconf 64' lang='lat' dir='ltr'><em>litttneues,</em></span> <span class='ocrx_word' id='word_1_160' title='bbox 273 2422 332 2462; x_wconf 80' lang='lat' dir='ltr'><em>&#39;rex</em></span> <span class='ocrx_word' id='word_1_161' title='bbox 345 2411 556 2483; x_wconf 78' lang='lat' dir='ltr'><em>Pergamenus,</em></span> <span class='ocrx_word' id='word_1_162' title='bbox 576 2411 634 2465; x_wconf 87' lang='lat' dir='ltr'><em>Ro·</em></span> 
     </span>
     <span class='ocr_line' id='line_1_33' title="bbox 139 2478 635 2542; baseline 0.016 -16"><span class='ocrx_word' id='word_1_163' title='bbox 139 2493 230 2527; x_wconf 83' lang='lat' dir='ltr'><em>mame</em></span> <span class='ocrx_word' id='word_1_164' title='bbox 257 2478 380 2542; x_wconf 84' lang='lat' dir='ltr'><em>amicus,</em></span> <span class='ocrx_word' id='word_1_165' title='bbox 408 2480 535 2534; x_wconf 85' lang='lat' dir='ltr'><em>uincitur</em></span> <span class='ocrx_word' id='word_1_166' title='bbox 567 2487 635 2534; x_wconf 89' lang='lat' dir='ltr'><em>astu</em></span> 
     </span>
     <span class='ocr_line' id='line_1_34' title="bbox 139 2542 450 2609; baseline 0.019 -12"><span class='ocrx_word' id='word_1_167' title='bbox 139 2542 327 2600; x_wconf 84' lang='lat' dir='ltr'><em>Hannibalis</em></span> <span class='ocrx_word' id='word_1_168' title='bbox 344 2546 386 2609; x_wconf 87' lang='grc'><em>23,</em></span> <span class='ocrx_word' id='word_1_169' title='bbox 408 2568 450 2603; x_wconf 86' lang='lat'><em>11.</em></span> 
     </span>
    </p>
   </div>
   <div class='ocr_carea' id='block_1_10' title="bbox 88 2663 633 3135">
    <p class='ocr_par' dir='ltr' id='par_1_10' title="bbox 104 2663 633 2738">
     <span class='ocr_line' id='line_1_35' title="bbox 104 2663 633 2738; baseline 0.019 -17"><span class='ocrx_word' id='word_1_170' title='bbox 104 2663 294 2730; x_wconf 80' lang='lat' dir='ltr'><em>Eumolpidae</em></span> <span class='ocrx_word' id='word_1_171' title='bbox 309 2687 344 2738; x_wconf 84' lang='lat'><em>7,</em></span> <span class='ocrx_word' id='word_1_172' title='bbox 362 2674 393 2736; x_wconf 81' lang='lat'><em>4,</em></span> <span class='ocrx_word' id='word_1_173' title='bbox 420 2670 445 2726; x_wconf 76' lang='lat'><em>5.</em></span> <span class='ocrx_word' id='word_1_174' title='bbox 465 2676 507 2730; x_wconf 91' lang='lat' dir='ltr'><em>[c.</em></span> <span class='ocrx_word' id='word_1_175' title='bbox 525 2674 558 2738; x_wconf 88' lang='lat' dir='ltr'><em>b,</em></span> <span class='ocrx_word' id='word_1_176' title='bbox 588 2675 633 2736; x_wconf 76' lang='grc'><em>5.]</em></span> 
     </span>
    </p>

    <p class='ocr_par' dir='ltr' id='par_1_11' title="bbox 88 2733 632 2805">
     <span class='ocr_line' id='line_1_36' title="bbox 88 2733 632 2805; baseline 0.018 -17"><span class='ocrx_word' id='word_1_177' title='bbox 88 2742 91 2747; x_wconf 85' lang='grc'><em>“</em></span> <span class='ocrx_word' id='word_1_178' title='bbox 128 2733 257 2805; x_wconf 77' lang='lat' dir='ltr'><em>familia</em></span> <span class='ocrx_word' id='word_1_179' title='bbox 267 2738 454 2795; x_wconf 81' lang='lat' dir='ltr'><em>sacerdotum</em></span> <span class='ocrx_word' id='word_1_180' title='bbox 472 2740 579 2798; x_wconf 79' lang='lat' dir='ltr'><em>Allien.</em></span> <span class='ocrx_word' id='word_1_181' title='bbox 593 2743 632 2797; x_wconf 86' lang='lat' dir='ltr'><em>ab</em></span> 
     </span>
    </p>

    <p class='ocr_par' dir='ltr' id='par_1_12' title="bbox 137 2804 632 2881">
     <span class='ocr_line' id='line_1_37' title="bbox 137 2804 632 2881; baseline 0.016 -22"><span class='ocrx_word' id='word_1_182' title='bbox 137 2804 406 2879; x_wconf 80' lang='lat' dir='ltr'><em>Eumolpo&#39;dictu,</em></span> <span class='ocrx_word' id='word_1_183' title='bbox 426 2819 544 2881; x_wconf 84' lang='lat' dir='ltr'><em>quoset</em></span> <span class='ocrx_word' id='word_1_184' title='bbox 564 2831 632 2866; x_wconf 89' lang='lat' dir='ltr'><em>con·</em></span> 
     </span>
    </p>

    <p class='ocr_par' dir='ltr' id='par_1_13' title="bbox 134 2872 630 2951">
     <span class='ocr_line' id='line_1_38' title="bbox 134 2872 630 2951; baseline 0.018 -25"><span class='ocrx_word' id='word_1_185' title='bbox 134 2873 206 2950; x_wconf 75' lang='lat' dir='ltr'><em>cilio</em></span> <span class='ocrx_word' id='word_1_186' title='bbox 225 2872 345 2948; x_wconf 89' lang='lat' dir='ltr'><em>publico</em></span> <span class='ocrx_word' id='word_1_187' title='bbox 361 2874 526 2949; x_wconf 78' lang='lat' dir='ltr'><em>aliquando</em></span> <span class='ocrx_word' id='word_1_188' title='bbox 542 2897 630 2951; x_wconf 84' lang='lat' dir='ltr'><em>prae-</em></span> 
     </span>
    </p>

    <p class='ocr_par' dir='ltr' id='par_1_14' title="bbox 125 2941 629 3013">
     <span class='ocr_line' id='line_1_39' title="bbox 125 2941 629 3013; baseline 0.012 -17"><span class='ocrx_word' id='word_1_189' title='bbox 125 2941 242 3013; x_wconf 63' lang='lat' dir='ltr'><em>fuisse,</em></span> <span class='ocrx_word' id='word_1_190' title='bbox 258 2954 363 2999; x_wconf 86' lang='lat' dir='ltr'><em>auctor</em></span> <span class='ocrx_word' id='word_1_191' title='bbox 381 2953 425 3000; x_wconf 87' lang='lat' dir='ltr'><em>est</em></span> <span class='ocrx_word' id='word_1_192' title='bbox 441 2948 521 3000; x_wconf 81' lang='lat' dir='ltr'><em>Alex.</em></span> <span class='ocrx_word' id='word_1_193' title='bbox 541 2947 578 3001; x_wconf 89' lang='lat' dir='ltr'><em>ab</em></span> <span class='ocrx_word' id='word_1_194' title='bbox 594 2950 629 3002; x_wconf 77' lang='lat' dir='ltr'><em>A.</em></span> 
     </span>
    </p>

    <p class='ocr_par' dir='ltr' id='par_1_15' title="bbox 109 3012 629 3135">
     <span class='ocr_line' id='line_1_40' title="bbox 109 3012 629 3135; baseline 0.013 -71"><span class='ocrx_word' id='word_1_195' title='bbox 109 3052 112 3058; x_wconf 93' lang='lat'><em>.</em></span> <span class='ocrx_word' id='word_1_196' title='bbox 132 3013 188 3096; x_wconf 68' lang='lat' dir='ltr'><em>lex.</em></span> <span class='ocrx_word' id='word_1_197' title='bbox 206 3016 294 3135; x_wconf 47' lang='lat'><em>[5133.</em></span> <span class='ocrx_word' id='word_1_198' title='bbox 318 3012 397 3081; x_wconf 82' lang='lat' dir='ltr'><em>adde</em></span> <span class='ocrx_word' id='word_1_199' title='bbox 413 3017 522 3070; x_wconf 80' lang='lat' dir='ltr'><em>Meum.</em></span> <span class='ocrx_word' id='word_1_200' title='bbox 541 3014 629 3071; x_wconf 79' lang='lat' dir='ltr'><em>Eleu-</em></span> 
     </span>
     <span class='ocr_line' id='line_1_41' title="bbox 133 3098 379 3135; baseline 0.008 -2"><span class='ocrx_word' id='word_1_201' title='bbox 133 3098 300 3135; x_wconf 49' lang='lat' dir='ltr'><em>sin.‘c.·1.</em></span> <span class='ocrx_word' id='word_1_202' title='bbox 329 3120 333 3127; x_wconf 87' lang='lat'><em>.</em></span> <span class='ocrx_word' id='word_1_203' title='bbox 376 3104 379 3119; x_wconf 86' lang='lat'><em>.</em></span> 
     </span>
    </p>
   </div>
   <div class='ocr_carea' id='block_1_11' title="bbox 83 3181 630 3320">
    <p class='ocr_par' dir='ltr' id='par_1_16' title="bbox 83 3181 630 3320">
     <span class='ocr_line' id='line_1_42' title="bbox 83 3181 630 3254; baseline 0.016 -22"><span class='ocrx_word' id='word_1_204' title='bbox 83 3195 223 3243; x_wconf 50' lang='lat' dir='ltr'><em>¹evocare</em></span> <span class='ocrx_word' id='word_1_205' title='bbox 243 3181 382 3254; x_wconf 80' lang='lat' dir='ltr'><em>aliquem,</em></span> <span class='ocrx_word' id='word_1_206' title='bbox 402 3184 520 3248; x_wconf 89' lang='lat' dir='ltr'><em>occire,</em></span> <span class='ocrx_word' id='word_1_207' title='bbox 541 3182 630 3241; x_wconf 89' lang='lat' dir='ltr'><em>adse</em></span> 
     </span>
     <span class='ocr_line' id='line_1_43' title="bbox 132 3248 590 3320; baseline 0.011 -19"><span class='ocrx_word' id='word_1_208' title='bbox 132 3266 238 3305; x_wconf 85' lang='lat' dir='ltr'><em>uocare</em></span> <span class='ocrx_word' id='word_1_209' title='bbox 254 3268 281 3320; x_wconf 80' lang='lat'><em>9,</em></span> <span class='ocrx_word' id='word_1_210' title='bbox 300 3254 326 3315; x_wconf 80' lang='grc' dir='ltr'><em>ὅ,</em></span> <span class='ocrx_word' id='word_1_211' title='bbox 342 3252 369 3305; x_wconf 87' lang='grc'><em>3.</em></span> <span class='ocrx_word' id='word_1_212' title='bbox 387 3248 464 3307; x_wconf 87' lang='lat' dir='ltr'><em>alibi</em></span> <span class='ocrx_word' id='word_1_213' title='bbox 483 3253 590 3306; x_wconf 82' lang='lat' dir='ltr'><em>excire.</em></span> 
     </span>
    </p>
   </div>
   <div class='ocr_carea' id='block_1_12' title="bbox 94 3346 626 3573">
    <p class='ocr_par' dir='ltr' id='par_1_17' title="bbox 94 3346 626 3573">
     <span class='ocr_line' id='line_1_44' title="bbox 94 3346 624 3435; baseline 0.009 -16"><span class='ocrx_word' id='word_1_214' title='bbox 94 3346 232 3435; x_wconf 73' lang='lat' dir='ltr'><em>Iiuiopa,</em></span> <span class='ocrx_word' id='word_1_215' title='bbox 249 3378 312 3421; x_wconf 87' lang='lat' dir='ltr'><em>una</em></span> <span class='ocrx_word' id='word_1_216' title='bbox 331 3350 346 3422; x_wconf 82' lang='lat' dir='ltr'><em>e</em></span> <span class='ocrx_word' id='word_1_217' title='bbox 367 3366 463 3422; x_wconf 89' lang='lat' dir='ltr'><em>tribus</em></span> <span class='ocrx_word' id='word_1_218' title='bbox 482 3367 545 3423; x_wconf 85' lang='lat' dir='ltr'><em>orb.</em></span> <span class='ocrx_word' id='word_1_219' title='bbox 569 3377 624 3427; x_wconf 78' lang='lat' dir='ltr'><em>vet.</em></span> 
     </span>
     <span class='ocr_line' id='line_1_45' title="bbox 108 3430 626 3504; baseline 0.015 -19"><span class='ocrx_word' id='word_1_220' title='bbox 108 3430 268 3503; x_wconf 80' lang='lat' dir='ltr'><em>&#39;partibus</em></span> <span class='ocrx_word' id='word_1_221' title='bbox 294 3456 318 3498; x_wconf 86' lang='lat'><em>1,</em></span> <span class='ocrx_word' id='word_1_222' title='bbox 345 3436 372 3498; x_wconf 88' lang='grc'><em>3,</em></span> <span class='ocrx_word' id='word_1_223' title='bbox 396 3455 420 3488; x_wconf 91' lang='grc'><em>2.</em></span> <span class='ocrx_word' id='word_1_224' title='bbox 448 3452 488 3498; x_wconf 82' lang='grc'><em>22,</em></span> <span class='ocrx_word' id='word_1_225' title='bbox 509 3456 532 3497; x_wconf 89' lang='grc'><em>2,</em></span> <span class='ocrx_word' id='word_1_226' title='bbox 555 3456 578 3492; x_wconf 91' lang='lat'><em>1.</em></span> <span class='ocrx_word' id='word_1_227' title='bbox 599 3459 626 3504; x_wconf 92' lang='grc'><em>2,</em></span> 
     </span>
     <span class='ocr_line' id='line_1_46' title="bbox 132 3502 626 3573; baseline 0.014 -21"><span class='ocrx_word' id='word_1_228' title='bbox 132 3521 158 3563; x_wconf 94' lang='grc'><em>2,</em></span> <span class='ocrx_word' id='word_1_229' title='bbox 174 3504 202 3567; x_wconf 85' lang='lat'><em>4.</em></span> <span class='ocrx_word' id='word_1_230' title='bbox 222 3504 359 3572; x_wconf 83' lang='lat' dir='ltr'><em>Europae</em></span> <span class='ocrx_word' id='word_1_231' title='bbox 377 3502 530 3558; x_wconf 83' lang='lat' dir='ltr'><em>succubuit</em></span> <span class='ocrx_word' id='word_1_232' title='bbox 545 3505 626 3573; x_wconf 79' lang='lat' dir='ltr'><em>Asia,</em></span> 
     </span>
    </p>
   </div>
   <div class='ocr_carea' id='block_1_13' title="bbox 129 3568 659 3641">
    <p class='ocr_par' dir='ltr' id='par_1_18' title="bbox 129 3568 659 3641">
     <span class='ocr_line' id='line_1_47' title="bbox 129 3568 659 3641; baseline 0.017 -18"><span class='ocrx_word' id='word_1_233' title='bbox 129 3568 168 3624; x_wconf 82' lang='lat' dir='ltr'><em>de</em></span> <span class='ocrx_word' id='word_1_234' title='bbox 194 3568 375 3624; x_wconf 82' lang='lat' dir='ltr'><em>Graecorum</em></span> <span class='ocrx_word' id='word_1_235' title='bbox 412 3571 525 3628; x_wconf 82' lang='lat' dir='ltr'><em>uiribus</em></span> <span class='ocrx_word' id='word_1_236' title='bbox 550 3594 577 3640; x_wconf 91' lang='grc'><em>2,</em></span> <span class='ocrx_word' id='word_1_237' title='bbox 595 3578 625 3641; x_wconf 77' lang='grc'><em>6,</em></span> <span class='ocrx_word' id='word_1_238' title='bbox 655 3616 659 3623; x_wconf 83' lang='lat'><em>·</em></span> 
     </span>
    </p>
   </div>
   <div class='ocr_carea' id='block_1_14' title="bbox 129 3637 380 3717">
    <p class='ocr_par' dir='ltr' id='par_1_19' title="bbox 129 3637 380 3717">
     <span class='ocr_line' id='line_1_48' title="bbox 129 3637 380 3717; baseline -0.008 -23"><span class='ocrx_word' id='word_1_239' title='bbox 129 3639 156 3694; x_wconf 81' lang='grc'><em>3.</em></span> <span class='ocrx_word' id='word_1_240' title='bbox 177 3656 206 3717; x_wconf 64' lang='grc' dir='ltr'>ν.</span> <span class='ocrx_word' id='word_1_241' title='bbox 223 3637 299 3713; x_wconf 57' lang='lat' dir='ltr'><em>Asia,</em></span> <span class='ocrx_word' id='word_1_242' title='bbox 378 3700 380 3704; x_wconf 9' lang='grc' dir='ltr'>μ</span> 
     </span>
    </p>
   </div>
   <div class='ocr_carea' id='block_1_15' title="bbox 96 3726 652 3810">
    <p class='ocr_par' dir='ltr' id='par_1_20' title="bbox 96 3726 652 3810">
     <span class='ocr_line' id='line_1_49' title="bbox 96 3726 652 3810; baseline -0.004 -17"><span class='ocrx_word' id='word_1_243' title='bbox 96 3737 244 3809; x_wconf 79' lang='lat' dir='ltr'><em>Europaei</em></span> <span class='ocrx_word' id='word_1_244' title='bbox 271 3736 451 3810; x_wconf 81' lang='lat' dir='ltr'><em>adversarii,</em></span> <span class='ocrx_word' id='word_1_245' title='bbox 470 3742 509 3799; x_wconf 85' lang='lat' dir='ltr'><em>ab</em></span> <span class='ocrx_word' id='word_1_246' title='bbox 530 3726 625 3800; x_wconf 68' lang='lat' dir='ltr'><em>Euro.</em></span> <span class='ocrx_word' id='word_1_247' title='bbox 650 3751 652 3755; x_wconf 83' lang='lat'>·</span> 
     </span>
    </p>
   </div>
   <div class='ocr_carea' id='block_1_16' title="bbox 129 3805 432 3876">
    <p class='ocr_par' dir='ltr' id='par_1_21' title="bbox 129 3805 432 3876">
     <span class='ocr_line' id='line_1_50' title="bbox 129 3805 432 3876; baseline 0.017 -16"><span class='ocrx_word' id='word_1_248' title='bbox 129 3824 169 3874; x_wconf 88' lang='lat' dir='ltr'><em>po</em></span> <span class='ocrx_word' id='word_1_249' title='bbox 186 3805 287 3862; x_wconf 76' lang='lat' dir='ltr'><em>hostes</em></span> <span class='ocrx_word' id='word_1_250' title='bbox 301 3807 341 3874; x_wconf 80' lang='lat'><em>18,</em></span> <span class='ocrx_word' id='word_1_251' title='bbox 358 3810 386 3876; x_wconf 90' lang='grc'><em>3,</em></span> <span class='ocrx_word' id='word_1_252' title='bbox 406 3829 432 3865; x_wconf 98' lang='grc'><em>2.</em></span> 
     </span>
    </p>
   </div>
   <div class='ocr_carea' id='block_1_17' title="bbox 94 3914 621 4061">
    <p class='ocr_par' dir='ltr' id='par_1_22' title="bbox 94 3914 621 4061">
     <span class='ocr_line' id='line_1_51' title="bbox 94 3914 621 3999; baseline 0.013 -19"><span class='ocrx_word' id='word_1_253' title='bbox 94 3914 276 3999; x_wconf 69' lang='lat' dir='ltr'><em>Eucybiades</em></span> <span class='ocrx_word' id='word_1_254' title='bbox 294 3926 351 3983; x_wconf 77' lang='lat' dir='ltr'><em>rec</em></span> <span class='ocrx_word' id='word_1_255' title='bbox 366 3925 621 3987; x_wconf 81' lang='lat' dir='ltr'><em>Lacedaemonio·</em></span> 
     </span>
     <span class='ocr_line' id='line_1_52' title="bbox 127 3996 349 4061; baseline 0.023 -5"><span class='ocrx_word' id='word_1_256' title='bbox 127 3998 258 4060; x_wconf 56' lang='grc'>11111321)</span> <span class='ocrx_word' id='word_1_257' title='bbox 277 3996 305 4061; x_wconf 73' lang='grc'><em>42</em></span> <span class='ocrx_word' id='word_1_258' title='bbox 324 4014 349 4050; x_wconf 81' lang='lat'><em>2.</em></span> 
     </span>
    </p>
   </div>
   <div class='ocr_carea' id='block_1_18' title="bbox 91 4100 624 4247">
    <p class='ocr_par' dir='ltr' id='par_1_23' title="bbox 91 4100 624 4247">
     <span class='ocr_line' id='line_1_53' title="bbox 91 4100 624 4226; baseline 0.019 -68"><span class='ocrx_word' id='word_1_259' title='bbox 91 4100 254 4226; x_wconf 62' lang='lat' dir='ltr'><em>Ettrpqlicc,</em></span> <span class='ocrx_word' id='word_1_260' title='bbox 281 4112 378 4159; x_wconf 74' lang='lat' dir='ltr'><em>auten</em></span> <span class='ocrx_word' id='word_1_261' title='bbox 401 4105 565 4164; x_wconf 79' lang='lat' dir='ltr'><em>Perdiccae</em></span> <span class='ocrx_word' id='word_1_262' title='bbox 594 4120 624 4168; x_wconf 84' lang='lat' dir='ltr'><em>ct</em></span> 
     </span>
     <span class='ocr_line' id='line_1_54' title="bbox 124 4172 411 4247; baseline 0.021 -22"><span class='ocrx_word' id='word_1_263' title='bbox 124 4174 147 4225; x_wconf 84' lang='lat' dir='ltr'>P</span> <span class='ocrx_word' id='word_1_264' title='bbox 169 4172 254 4247; x_wconf 70' lang='lat' dir='ltr'><em>cloppe</em></span> <span class='ocrx_word' id='word_1_265' title='bbox 270 4186 312 4239; x_wconf 85' lang='lat' dir='ltr'><em>tt,</em></span> <span class='ocrx_word' id='word_1_266' title='bbox 328 4172 356 4238; x_wconf 81' lang='lat' dir='ltr'><em>b,</em></span> <span class='ocrx_word' id='word_1_267' title='bbox 377 4190 411 4231; x_wconf 84' lang='grc'><em>2.-</em></span> 
     </span>
    </p>
   </div>
   <div class='ocr_carea' id='block_1_19' title="bbox 710 778 1206 1124">
    <p class='ocr_par' dir='ltr' id='par_1_24' title="bbox 710 778 1206 1124">
     <span class='ocr_line' id='line_1_55' title="bbox 713 778 1204 841; baseline 0.018 -9"><span class='ocrx_word' id='word_1_268' title='bbox 713 778 774 840; x_wconf 86' lang='lat' dir='ltr'><em>bet,</em></span> <span class='ocrx_word' id='word_1_269' title='bbox 818 780 878 835; x_wconf 80' lang='lat' dir='ltr'><em>siue</em></span> <span class='ocrx_word' id='word_1_270' title='bbox 913 819 920 834; x_wconf 92' lang='lat'><em>.</em></span> <span class='ocrx_word' id='word_1_271' title='bbox 947 783 1142 839; x_wconf 79' lang='lat' dir='ltr'><em>nativitatem</em></span> <span class='ocrx_word' id='word_1_272' title='bbox 1163 789 1204 841; x_wconf 79' lang='lat' dir='ltr'><em>ali.</em></span> 
     </span>
     <span class='ocr_line' id='line_1_56' title="bbox 710 847 1206 920; baseline 0.03 -23"><span class='ocrx_word' id='word_1_273' title='bbox 710 847 792 919; x_wconf 78' lang='lat' dir='ltr'><em>cujus</em></span> <span class='ocrx_word' id='word_1_274' title='bbox 814 848 1103 920; x_wconf 31' lang='lat' dir='ltr'><em>exprimam-litet</em></span> <span class='ocrx_word' id='word_1_275' title='bbox 1124 854 1206 919; x_wconf 72' lang='lat' dir='ltr'><em>tran</em></span> 
     </span>
     <span class='ocr_line' id='line_1_57' title="bbox 711 918 1206 989; baseline 0.03 -22"><span class='ocrx_word' id='word_1_276' title='bbox 711 924 739 983; x_wconf 85' lang='lat' dir='ltr'><em>et</em></span> <span class='ocrx_word' id='word_1_277' title='bbox 752 918 856 969; x_wconf 76' lang='lat' dir='ltr'><em>sorore</em></span> <span class='ocrx_word' id='word_1_278' title='bbox 870 919 945 979; x_wconf 81' lang='lat' dir='ltr'><em>nati,</em></span> <span class='ocrx_word' id='word_1_279' title='bbox 969 918 1140 989; x_wconf 73' lang='lat' dir='ltr'><em>(bsidtwlll&#39;tt&#39;</em></span> <span class='ocrx_word' id='word_1_280' title='bbox 1149 922 1206 985; x_wconf 61' lang='lat' dir='ltr'><em>stit·</em></span> 
     </span>
     <span class='ocr_line' id='line_1_58' title="bbox 711 980 1205 1050; baseline 0.01 -10"><span class='ocrx_word' id='word_1_281' title='bbox 711 980 754 1040; x_wconf 76' lang='lat' dir='ltr'><em>bu</em></span> <span class='ocrx_word' id='word_1_282' title='bbox 778 987 819 1050; x_wconf 86' lang='lat'><em>14,</em></span> <span class='ocrx_word' id='word_1_283' title='bbox 838 1001 864 1050; x_wconf 87' lang='grc'><em>2,</em></span> <span class='ocrx_word' id='word_1_284' title='bbox 888 988 915 1041; x_wconf 82' lang='grc'><em>3.</em></span> <span class='ocrx_word' id='word_1_285' title='bbox 937 985 1000 1041; x_wconf 81' lang='lat' dir='ltr'><em>siue</em></span> <span class='ocrx_word' id='word_1_286' title='bbox 1025 987 1085 1043; x_wconf 59' lang='lat' dir='ltr'><em>II.</em></span> <span class='ocrx_word' id='word_1_287' title='bbox 1104 994 1205 1045; x_wconf 69' lang='lat' dir='ltr'><em>cineta</em></span> 
     </span>
     <span class='ocr_line' id='line_1_59' title="bbox 711 1050 1205 1124; baseline 0.026 -22"><span class='ocrx_word' id='word_1_288' title='bbox 711 1050 771 1113; x_wconf 84' lang='lat' dir='ltr'><em>rci,</em></span> <span class='ocrx_word' id='word_1_289' title='bbox 798 1058 831 1109; x_wconf 87' lang='lat' dir='ltr'><em>ut</em></span> <span class='ocrx_word' id='word_1_290' title='bbox 851 1070 907 1124; x_wconf 85' lang='lat' dir='ltr'><em>qua</em></span> <span class='ocrx_word' id='word_1_291' title='bbox 931 1070 966 1105; x_wconf 86' lang='lat' dir='ltr'><em>ex</em></span> <span class='ocrx_word' id='word_1_292' title='bbox 992 1070 1036 1107; x_wconf 82' lang='lat' dir='ltr'><em>ce·</em></span> <span class='ocrx_word' id='word_1_293' title='bbox 1055 1058 1205 1124; x_wconf 81' lang='lat' dir='ltr'><em>majoribus</em></span> 
     </span>
    </p>
   </div>
   <div class='ocr_carea' id='block_1_20' title="bbox 690 1117 1204 1195">
    <p class='ocr_par' dir='ltr' id='par_1_25' title="bbox 690 1117 1204 1195">
     <span class='ocr_line' id='line_1_60' title="bbox 690 1117 1204 1195; baseline 0.021 -25"><span class='ocrx_word' id='word_1_294' title='bbox 690 1172 695 1179; x_wconf 81' lang='grc'><em>,</em></span> <span class='ocrx_word' id='word_1_295' title='bbox 710 1117 798 1173; x_wconf 80' lang='lat' dir='ltr'><em>rcbua</em></span> <span class='ocrx_word' id='word_1_296' title='bbox 812 1121 939 1190; x_wconf 81' lang='lat' dir='ltr'><em>praeciso</em></span> <span class='ocrx_word' id='word_1_297' title='bbox 949 1121 1058 1195; x_wconf 77' lang='lat' dir='ltr'><em>coepit·</em></span> <span class='ocrx_word' id='word_1_298' title='bbox 1066 1136 1069 1141; x_wconf 88' lang='lat'>&#39;</span> <span class='ocrx_word' id='word_1_299' title='bbox 1082 1136 1131 1195; x_wconf 70' lang='lat'><strong>14¹,</strong></span> <span class='ocrx_word' id='word_1_300' title='bbox 1143 1144 1172 1194; x_wconf 87' lang='grc'><em>2,</em></span> <span class='ocrx_word' id='word_1_301' title='bbox 1184 1145 1204 1181; x_wconf 90' lang='grc'><em>2.</em></span> 
     </span>
    </p>
   </div>
   <div class='ocr_carea' id='block_1_21' title="bbox 706 1191 1205 1873">
    <p class='ocr_par' dir='ltr' id='par_1_26' title="bbox 706 1191 1205 1873">
     <span class='ocr_line' id='line_1_61' title="bbox 712 1191 1205 1265; baseline 0.026 -28"><span class='ocrx_word' id='word_1_302' title='bbox 712 1203 770 1258; x_wconf 88' lang='lat' dir='ltr'><em>qua</em></span> <span class='ocrx_word' id='word_1_303' title='bbox 790 1203 824 1239; x_wconf 84' lang='lat' dir='ltr'><em>cx</em></span> <span class='ocrx_word' id='word_1_304' title='bbox 845 1205 877 1241; x_wconf 88' lang='lat' dir='ltr'><em>rc</em></span> <span class='ocrx_word' id='word_1_305' title='bbox 895 1191 1205 1265; x_wconf 75' lang='lat' dir='ltr'><em>icatus&#39;,priratnsin</em></span> 
     </span>
     <span class='ocr_line' id='line_1_62' title="bbox 711 1242 1204 1335; baseline 0.014 -27"><span class='ocrx_word' id='word_1_306' title='bbox 711 1252 786 1308; x_wconf 86' lang='lat' dir='ltr'><em>urbe</em></span> <span class='ocrx_word' id='word_1_307' title='bbox 810 1257 916 1309; x_wconf 73' lang='lat' dir='ltr'><em>nonsit</em></span> <span class='ocrx_word' id='word_1_308' title='bbox 934 1260 978 1323; x_wconf 75' lang='grc'><em>24,</em></span> <span class='ocrx_word' id='word_1_309' title='bbox 1004 1242 1031 1325; x_wconf 78' lang='lat' dir='ltr'><em>b,</em></span> <span class='ocrx_word' id='word_1_310' title='bbox 1058 1274 1086 1315; x_wconf 85' lang='grc'><em>2.</em></span> <span class='ocrx_word' id='word_1_311' title='bbox 1105 1280 1204 1335; x_wconf 77' lang='lat' dir='ltr'><em>,qua-cx</em></span> 
     </span>
     <span class='ocr_line' id='line_1_63' title="bbox 711 1323 1205 1399; baseline 0.022 -24"><span class='ocrx_word' id='word_1_312' title='bbox 711 1338 744 1375; x_wconf 86' lang='lat' dir='ltr'><em>re</em></span> <span class='ocrx_word' id='word_1_313' title='bbox 759 1323 869 1385; x_wconf 79' lang='lat' dir='ltr'><em>nobilis</em></span> <span class='ocrx_word' id='word_1_314' title='bbox 886 1325 965 1377; x_wconf 86' lang='lat' dir='ltr'><em>inter</em></span> <span class='ocrx_word' id='word_1_315' title='bbox 984 1330 1129 1399; x_wconf 80' lang='lat' dir='ltr'><em>aequales</em></span> <span class='ocrx_word' id='word_1_316' title='bbox 1141 1330 1205 1385; x_wconf 81' lang='lat' dir='ltr'><em>iccc-</em></span> 
     </span>
     <span class='ocr_line' id='line_1_64' title="bbox 709 1388 1202 1471; baseline 0.018 -28"><span class='ocrx_word' id='word_1_317' title='bbox 709 1388 798 1443; x_wconf 83' lang='lat' dir='ltr'><em>batur</em></span> <span class='ocrx_word' id='word_1_318' title='bbox 817 1390 861 1458; x_wconf 81' lang='lat' dir='ltr'><em>ab,</em></span> <span class='ocrx_word' id='word_1_319' title='bbox 882 1412 904 1456; x_wconf 87' lang='lat'><em>1,</em></span> <span class='ocrx_word' id='word_1_320' title='bbox 921 1392 948 1447; x_wconf 78' lang='lat'><em>3.</em></span> <span class='ocrx_word' id='word_1_321' title='bbox 971 1396 1025 1450; x_wconf 86' lang='lat' dir='ltr'><em>ubi</em></span> <span class='ocrx_word' id='word_1_322' title='bbox 1051 1394 1112 1471; x_wconf 76' lang='lat' dir='ltr'><em>qua</em></span> <span class='ocrx_word' id='word_1_323' title='bbox 1130 1414 1202 1451; x_wconf 82' lang='lat' dir='ltr'><em>esre</em></span> 
     </span>
     <span class='ocr_line' id='line_1_65' title="bbox 710 1459 1201 1541; baseline 0.018 -30"><span class='ocrx_word' id='word_1_324' title='bbox 710 1459 831 1533; x_wconf 76' lang='lat' dir='ltr'><em>integre</em></span> <span class='ocrx_word' id='word_1_325' title='bbox 854 1462 985 1532; x_wconf 74' lang='lat' dir='ltr'><em>ponitur</em></span> <span class='ocrx_word' id='word_1_326' title='bbox 1006 1480 1069 1535; x_wconf 86' lang='lat' dir='ltr'><em>pro</em></span> <span class='ocrx_word' id='word_1_327' title='bbox 1104 1478 1201 1541; x_wconf 78' lang='lat' dir='ltr'><em>quare,</em></span> 
     </span>
     <span class='ocr_line' id='line_1_66' title="bbox 710 1527 1202 1599; baseline 0.01 -18"><span class='ocrx_word' id='word_1_328' title='bbox 710 1527 732 1581; x_wconf 86' lang='lat' dir='ltr'><em>i.</em></span> <span class='ocrx_word' id='word_1_329' title='bbox 751 1546 775 1581; x_wconf 85' lang='lat' dir='ltr'><em>e.</em></span> <span class='ocrx_word' id='word_1_330' title='bbox 793 1529 829 1583; x_wconf 92' lang='lat' dir='ltr'><em>ob</em></span> <span class='ocrx_word' id='word_1_331' title='bbox 847 1546 936 1599; x_wconf 81' lang='lat' dir='ltr'><em>quom</em></span> <span class='ocrx_word' id='word_1_332' title='bbox 953 1540 1100 1587; x_wconf 83' lang='lat' dir='ltr'><em>causam.</em></span> <span class='ocrx_word' id='word_1_333' title='bbox 1120 1534 1167 1590; x_wconf 89' lang='lat' dir='ltr'><em>Sic</em></span> <span class='ocrx_word' id='word_1_334' title='bbox 1175 1550 1202 1587; x_wconf 83' lang='lat' dir='ltr'><em>cx</em></span> 
     </span>
     <span class='ocr_line' id='line_1_67' title="bbox 710 1597 1202 1668; baseline 0.03 -22"><span class='ocrx_word' id='word_1_335' title='bbox 710 1612 768 1666; x_wconf 88' lang='lat' dir='ltr'><em>quo</em></span> <span class='ocrx_word' id='word_1_336' title='bbox 791 1597 914 1660; x_wconf 86' lang='lat' dir='ltr'><em>accidit,</em></span> <span class='ocrx_word' id='word_1_337' title='bbox 932 1607 983 1664; x_wconf 91' lang='lat' dir='ltr'><em>ut,</em></span> <span class='ocrx_word' id='word_1_338' title='bbox 1002 1600 1093 1657; x_wconf 71' lang='lat' dir='ltr'><em>unde</em></span> <span class='ocrx_word' id='word_1_339' title='bbox 1108 1603 1151 1667; x_wconf 76' lang='grc'><em>25,</em></span> <span class='ocrx_word' id='word_1_340' title='bbox 1166 1616 1202 1668; x_wconf 68' lang='lat'><em>¹⁰,</em></span> 
     </span>
     <span class='ocr_line' id='line_1_68' title="bbox 707 1664 1199 1741; baseline 0.02 -27"><span class='ocrx_word' id='word_1_341' title='bbox 707 1666 733 1720; x_wconf 83' lang='lat'><em>3.</em></span> <span class='ocrx_word' id='word_1_342' title='bbox 751 1681 862 1737; x_wconf 85' lang='lat' dir='ltr'><em>exque</em></span> <span class='ocrx_word' id='word_1_343' title='bbox 880 1664 986 1732; x_wconf 85' lang='lat' dir='ltr'><em>fiebat,</em></span> <span class='ocrx_word' id='word_1_344' title='bbox 1014 1678 1050 1722; x_wconf 86' lang='lat' dir='ltr'><em>ut</em></span> <span class='ocrx_word' id='word_1_345' title='bbox 1077 1686 1112 1739; x_wconf 88' lang='lat'><em>7,</em></span> <span class='ocrx_word' id='word_1_346' title='bbox 1129 1686 1199 1741; x_wconf 83' lang='grc'>7,-2.</span> 
     </span>
     <span class='ocr_line' id='line_1_69' title="bbox 707 1738 1201 1804; baseline 0.018 -21"><span class='ocrx_word' id='word_1_347' title='bbox 707 1749 764 1804; x_wconf 92' lang='lat' dir='ltr'><em>qua</em></span> <span class='ocrx_word' id='word_1_348' title='bbox 786 1749 819 1784; x_wconf 83' lang='lat' dir='ltr'><em>ex</em></span> <span class='ocrx_word' id='word_1_349' title='bbox 836 1751 868 1785; x_wconf 89' lang='lat' dir='ltr'><em>re</em></span> <span class='ocrx_word' id='word_1_350' title='bbox 885 1747 1022 1799; x_wconf 68' lang='lat' dir='ltr'><em>creuerat,</em></span> <span class='ocrx_word' id='word_1_351' title='bbox 1045 1738 1201 1791; x_wconf 79' lang='lat' dir='ltr'><em>cum&#39;iaau</em></span> 
     </span>
     <span class='ocr_line' id='line_1_70' title="bbox 706 1800 1199 1873; baseline 0.012 -20"><span class='ocrx_word' id='word_1_352' title='bbox 706 1810 766 1853; x_wconf 85' lang='lat' dir='ltr'><em>tum</em></span> <span class='ocrx_word' id='word_1_353' title='bbox 784 1802 890 1873; x_wconf 85' lang='lat' dir='ltr'><em>opibus</em></span> <span class='ocrx_word' id='word_1_354' title='bbox 910 1800 950 1855; x_wconf 89' lang='lat' dir='ltr'><em>ib.</em></span> <span class='ocrx_word' id='word_1_355' title='bbox 974 1822 1000 1858; x_wconf 85' lang='grc' dir='ltr'><em>υ.</em></span> <span class='ocrx_word' id='word_1_356' title='bbox 1015 1807 1045 1860; x_wconf 81' lang='lat'><em>5.</em></span> <span class='ocrx_word' id='word_1_357' title='bbox 1065 1824 1101 1859; x_wconf 82' lang='lat' dir='ltr'><em>cx</em></span> <span class='ocrx_word' id='word_1_358' title='bbox 1118 1816 1153 1859; x_wconf 81' lang='lat' dir='ltr'><em>ea</em></span> <span class='ocrx_word' id='word_1_359' title='bbox 1165 1805 1199 1859; x_wconf 80' lang='lat' dir='ltr'><em>ia·</em></span> 
     </span>
    </p>
   </div>
   <div class='ocr_carea' id='block_1_22' title="bbox 696 1868 1196 1992">
    <p class='ocr_par' dir='ltr' id='par_1_27' title="bbox 696 1868 1196 1992">
     <span class='ocr_line' id='line_1_71' title="bbox 696 1868 1196 1992; baseline 0.014 -72"><span class='ocrx_word' id='word_1_360' title='bbox 696 1868 762 1935; x_wconf 65' lang='lat' dir='ltr'><em>„cile</em></span> <span class='ocrx_word' id='word_1_361' title='bbox 784 1869 1028 1992; x_wconf 65' lang='lat' dir='ltr'><em>conjici&#39;po&#39;terit</em></span> <span class='ocrx_word' id='word_1_362' title='bbox 1053 1870 1105 1940; x_wconf 74' lang='lat'><em>13,</em></span> <span class='ocrx_word' id='word_1_363' title='bbox 1127 1878 1158 1945; x_wconf 74' lang='grc'><em>4,</em></span> <span class='ocrx_word' id='word_1_364' title='bbox 1176 1891 1196 1927; x_wconf 85' lang='grc'><em>2.</em></span> 
     </span>
    </p>
   </div>
   <div class='ocr_carea' id='block_1_23' title="bbox 706 1935 1197 2015">
    <p class='ocr_par' dir='ltr' id='par_1_28' title="bbox 706 1935 1197 2015">
     <span class='ocr_line' id='line_1_72' title="bbox 706 1935 1197 2015; baseline 0.016 -26"><span class='ocrx_word' id='word_1_365' title='bbox 706 1953 740 1989; x_wconf 85' lang='lat' dir='ltr'><em>cx</em></span> <span class='ocrx_word' id='word_1_366' title='bbox 756 1935 838 2007; x_wconf 86' lang='lat' dir='ltr'><em>quib.</em></span> <span class='ocrx_word' id='word_1_367' title='bbox 854 1936 912 1998; x_wconf 65' lang='lat' dir='ltr'><em>ciii</em></span> <span class='ocrx_word' id='word_1_368' title='bbox 937 1976 944 1991; x_wconf 94' lang='lat'><em>.</em></span> <span class='ocrx_word' id='word_1_369' title='bbox 963 1938 1000 1993; x_wconf 87' lang='lat' dir='ltr'><em>dc</em></span> <span class='ocrx_word' id='word_1_370' title='bbox 1014 1942 1197 2015; x_wconf 66' lang='lat' dir='ltr'><em>ceter-inpos</em></span> 
     </span>
    </p>
   </div>
   <div class='ocr_carea' id='block_1_24' title="bbox 679 2004 1196 2074">
    <p class='ocr_par' dir='ltr' id='par_1_29' title="bbox 679 2004 1196 2074">
     <span class='ocr_line' id='line_1_73' title="bbox 679 2004 1196 2074; baseline 0.014 -18"><span class='ocrx_word' id='word_1_371' title='bbox 679 2042 681 2046; x_wconf 87' lang='lat'>-</span> <span class='ocrx_word' id='word_1_372' title='bbox 706 2015 770 2066; x_wconf 70' lang='lat' dir='ltr'><em>sent</em></span> <span class='ocrx_word' id='word_1_373' title='bbox 791 2004 921 2070; x_wconf 79' lang='lat' dir='ltr'><em>iudicare</em></span> <span class='ocrx_word' id='word_1_374' title='bbox 940 2010 983 2072; x_wconf 82' lang='lat'><em>15,</em></span> <span class='ocrx_word' id='word_1_375' title='bbox 1003 2010 1032 2074; x_wconf 81' lang='lat'><em>6,</em></span> <span class='ocrx_word' id='word_1_376' title='bbox 1054 2026 1081 2063; x_wconf 90' lang='grc'><em>2.</em></span> <span class='ocrx_word' id='word_1_377' title='bbox 1102 2012 1137 2063; x_wconf 75' lang='lat' dir='ltr'><em>e&#39;n</em></span> <span class='ocrx_word' id='word_1_378' title='bbox 1155 2010 1196 2063; x_wconf 82' lang='lat' dir='ltr'><em>ali·</em></span> 
     </span>
    </p>
   </div>
   <div class='ocr_carea' id='block_1_25' title="bbox 703 2069 1234 2354">
    <p class='ocr_par' dir='ltr' id='par_1_30' title="bbox 703 2069 1234 2354">
     <span class='ocr_line' id='line_1_74' title="bbox 706 2069 1195 2147; baseline 0.016 -23"><span class='ocrx_word' id='word_1_379' title='bbox 706 2069 871 2144; x_wconf 80' lang='lat' dir='ltr'><em>quarendi</em></span> <span class='ocrx_word' id='word_1_380' title='bbox 897 2075 948 2128; x_wconf 87' lang='lat' dir='ltr'><em>isci</em></span> <span class='ocrx_word' id='word_1_381' title='bbox 972 2077 1105 2147; x_wconf 80' lang='lat' dir='ltr'><em>gloriam</em></span> <span class='ocrx_word' id='word_1_382' title='bbox 1126 2095 1195 2144; x_wconf 77' lang='grc'>22,2,</span> 
     </span>
     <span class='ocr_line' id='line_1_75' title="bbox 706 2089 1195 2213; baseline 0.01 -19"><span class='ocrx_word' id='word_1_383' title='bbox 706 2159 730 2195; x_wconf 83' lang='lat' dir='ltr'><em>a.</em></span> <span class='ocrx_word' id='word_1_384' title='bbox 754 2139 824 2196; x_wconf 79' lang='lat' dir='ltr'><em>Siue</em></span> <span class='ocrx_word' id='word_1_385' title='bbox 835 2089 894 2199; x_wconf 69' lang='lat' dir='ltr'><em>Hb</em></span> <span class='ocrx_word' id='word_1_386' title='bbox 905 2143 1037 2213; x_wconf 79' lang='lat' dir='ltr'><em>aeditus,</em></span> <span class='ocrx_word' id='word_1_387' title='bbox 1060 2153 1097 2199; x_wconf 88' lang='lat' dir='ltr'><em>ut</em></span> <span class='ocrx_word' id='word_1_388' title='bbox 1105 2164 1138 2201; x_wconf 84' lang='lat' dir='ltr'><em>ex</em></span> <span class='ocrx_word' id='word_1_389' title='bbox 1148 2163 1195 2201; x_wconf 82' lang='lat' dir='ltr'><em>uc·</em></span> 
     </span>
     <span class='ocr_line' id='line_1_76' title="bbox 703 2209 1234 2285; baseline 0.011 -22"><span class='ocrx_word' id='word_1_390' title='bbox 703 2210 783 2263; x_wconf 82' lang='lat' dir='ltr'><em>tollis</em></span> <span class='ocrx_word' id='word_1_391' title='bbox 800 2209 877 2263; x_wconf 77' lang='lat' dir='ltr'><em>cedit</em></span> <span class='ocrx_word' id='word_1_392' title='bbox 897 2214 1022 2284; x_wconf 84' lang='lat' dir='ltr'><em>pecunia</em></span> <span class='ocrx_word' id='word_1_393' title='bbox 1038 2214 1194 2285; x_wconf 77' lang='lat' dir='ltr'><em>publicat,</em></span> <span class='ocrx_word' id='word_1_394' title='bbox 1232 2230 1234 2241; x_wconf 90' lang='grc'><strong><em>·</em></strong></span> 
     </span>
     <span class='ocr_line' id='line_1_77' title="bbox 704 2279 1194 2354; baseline 0.006 -24"><span class='ocrx_word' id='word_1_395' title='bbox 704 2294 731 2342; x_wconf 88' lang='grc'><em>2,</em></span> <span class='ocrx_word' id='word_1_396' title='bbox 743 2296 774 2353; x_wconf 72' lang='grc' dir='ltr'><em>Ι2.</em></span> <span class='ocrx_word' id='word_1_397' title='bbox 794 2295 828 2331; x_wconf 83' lang='lat' dir='ltr'><em>cx</em></span> <span class='ocrx_word' id='word_1_398' title='bbox 845 2279 972 2335; x_wconf 79' lang='lat' dir='ltr'><em>metallis.</em></span> <span class='ocrx_word' id='word_1_399' title='bbox 989 2284 1134 2354; x_wconf 78' lang='lat' dir='ltr'><em>pecunias</em></span> <span class='ocrx_word' id='word_1_400' title='bbox 1148 2299 1194 2335; x_wconf 83' lang='lat' dir='ltr'><em>ma·</em></span> 
     </span>
    </p>
   </div>
   <div class='ocr_carea' id='block_1_26' title="bbox 693 2344 1194 2418">
    <p class='ocr_par' dir='ltr' id='par_1_31' title="bbox 693 2344 1194 2418">
     <span class='ocr_line' id='line_1_78' title="bbox 693 2344 1194 2418; baseline 0.008 -20"><span class='ocrx_word' id='word_1_401' title='bbox 693 2362 773 2418; x_wconf 17' lang='lat' dir='ltr'><em>,gaas</em></span> <span class='ocrx_word' id='word_1_402' title='bbox 792 2344 888 2400; x_wconf 82' lang='lat' dir='ltr'><em>iacere</em></span> <span class='ocrx_word' id='word_1_403' title='bbox 912 2350 938 2412; x_wconf 85' lang='lat'><em>5,</em></span> <span class='ocrx_word' id='word_1_404' title='bbox 960 2350 1038 2413; x_wconf 89' lang='grc'>2,.3.</span> <span class='ocrx_word' id='word_1_405' title='bbox 1064 2366 1100 2403; x_wconf 80' lang='lat' dir='ltr'><em>cx</em></span> <span class='ocrx_word' id='word_1_406' title='bbox 1120 2348 1194 2405; x_wconf 79' lang='lat' dir='ltr'><em>novis</em></span> 
     </span>
    </p>
   </div>
   <div class='ocr_carea' id='block_1_27' title="bbox 697 2414 1209 3170">
    <p class='ocr_par' dir='ltr' id='par_1_32' title="bbox 697 2414 1209 3170">
     <span class='ocr_line' id='line_1_79' title="bbox 704 2414 1192 2488; baseline 0.008 -23"><span class='ocrx_word' id='word_1_407' title='bbox 704 2414 947 2485; x_wconf 82' lang='lat' dir='ltr'><em>vectigalibusut</em></span> <span class='ocrx_word' id='word_1_408' title='bbox 965 2428 1043 2470; x_wconf 83' lang='lat' dir='ltr'><em>essct</em></span> <span class='ocrx_word' id='word_1_409' title='bbox 1061 2422 1192 2488; x_wconf 78' lang='lat' dir='ltr'><em>pecunie,</em></span> 
     </span>
     <span class='ocr_line' id='line_1_80' title="bbox 705 2482 1191 2549; baseline 0.012 -15"><span class='ocrx_word' id='word_1_410' title='bbox 705 2482 862 2548; x_wconf 67' lang='lat' dir='ltr'><em>eliccituii,</em></span> <span class='ocrx_word' id='word_1_411' title='bbox 876 2501 901 2549; x_wconf 86' lang='lat'><em>7,</em></span> <span class='ocrx_word' id='word_1_412' title='bbox 921 2486 947 2540; x_wconf 83' lang='lat'><em>5.</em></span> <span class='ocrx_word' id='word_1_413' title='bbox 970 2487 1039 2540; x_wconf 81' lang='lat' dir='ltr'><em>Siue</em></span> <span class='ocrx_word' id='word_1_414' title='bbox 1059 2489 1077 2542; x_wconf 89' lang='grc'>1</span> <span class='ocrx_word' id='word_1_415' title='bbox 1081 2488 1111 2541; x_wconf 76' lang='lat' dir='ltr'><em>V.</em></span> <span class='ocrx_word' id='word_1_416' title='bbox 1129 2503 1191 2540; x_wconf 72' lang='lat' dir='ltr'><em>suin·</em></span> 
     </span>
     <span class='ocr_line' id='line_1_81' title="bbox 702 2552 1192 2627; baseline 0.008 -24"><span class='ocrx_word' id='word_1_417' title='bbox 702 2559 765 2619; x_wconf 81' lang='lat' dir='ltr'><em>tus,</em></span> <span class='ocrx_word' id='word_1_418' title='bbox 783 2561 817 2606; x_wconf 88' lang='lat' dir='ltr'><em>ut</em></span> <span class='ocrx_word' id='word_1_419' title='bbox 826 2570 860 2605; x_wconf 73' lang='lat' dir='ltr'><em>en</em></span> <span class='ocrx_word' id='word_1_420' title='bbox 873 2552 982 2622; x_wconf 83' lang='lat' dir='ltr'><em>praeda</em></span> <span class='ocrx_word' id='word_1_421' title='bbox 991 2554 1141 2627; x_wconf 85' lang='lat' dir='ltr'><em>tripodem</em></span> <span class='ocrx_word' id='word_1_422' title='bbox 1150 2570 1192 2607; x_wconf 79' lang='lat' dir='ltr'><em>au·</em></span> 
     </span>
     <span class='ocr_line' id='line_1_82' title="bbox 702 2622 1192 2694; baseline 0.004 -22"><span class='ocrx_word' id='word_1_423' title='bbox 702 2636 784 2672; x_wconf 84' lang='lat' dir='ltr'><em>rcum</em></span> <span class='ocrx_word' id='word_1_424' title='bbox 799 2623 917 2694; x_wconf 83' lang='lat' dir='ltr'><em>Delphis</em></span> <span class='ocrx_word' id='word_1_425' title='bbox 929 2622 1030 2693; x_wconf 84' lang='lat' dir='ltr'><em>posuit</em></span> <span class='ocrx_word' id='word_1_426' title='bbox 1044 2632 1073 2690; x_wconf 97' lang='lat'><em>4,</em></span> <span class='ocrx_word' id='word_1_427' title='bbox 1088 2638 1111 2687; x_wconf 89' lang='lat'><em>1,</em></span> <span class='ocrx_word' id='word_1_428' title='bbox 1126 2626 1151 2675; x_wconf 73' lang='lat' dir='ltr'><em>sl.</em></span> <span class='ocrx_word' id='word_1_429' title='bbox 1165 2638 1192 2674; x_wconf 86' lang='lat' dir='ltr'><em>ex</em></span> 
     </span>
     <span class='ocr_line' id='line_1_83' title="bbox 701 2685 1191 2762; baseline 0.006 -23"><span class='ocrx_word' id='word_1_430' title='bbox 701 2685 823 2752; x_wconf 85' lang='lat' dir='ltr'><em>hostium</em></span> <span class='ocrx_word' id='word_1_431' title='bbox 835 2688 943 2762; x_wconf 86' lang='lat' dir='ltr'><em>pracda</em></span> <span class='ocrx_word' id='word_1_432' title='bbox 960 2691 1191 2756; x_wconf 75' lang='lat' dir='ltr'><em>mucoerallitac·</em></span> 
     </span>
     <span class='ocr_line' id='line_1_84' title="bbox 702 2757 1209 2827; baseline 0.006 -21"><span class='ocrx_word' id='word_1_433' title='bbox 702 2770 734 2806; x_wconf 85' lang='lat' dir='ltr'><em>rc</em></span> <span class='ocrx_word' id='word_1_434' title='bbox 754 2757 794 2821; x_wconf 89' lang='grc'><em>23,</em></span> <span class='ocrx_word' id='word_1_435' title='bbox 815 2762 840 2825; x_wconf 87' lang='lat'><em>4,</em></span> <span class='ocrx_word' id='word_1_436' title='bbox 863 2776 886 2810; x_wconf 89' lang='lat'><em>1.</em></span> <span class='ocrx_word' id='word_1_437' title='bbox 903 2774 936 2809; x_wconf 84' lang='lat' dir='ltr'><em>ex</em></span> <span class='ocrx_word' id='word_1_438' title='bbox 953 2773 1005 2810; x_wconf 81' lang='lat' dir='ltr'><em>sua</em></span> <span class='ocrx_word' id='word_1_439' title='bbox 1023 2770 1059 2811; x_wconf 79' lang='lat' dir='ltr'><em>rc</em></span> <span class='ocrx_word' id='word_1_440' title='bbox 1080 2758 1209 2827; x_wconf 35' lang='lat' dir='ltr'><em>familia..</em></span> 
     </span>
     <span class='ocr_line' id='line_1_85' title="bbox 701 2823 1190 2881; baseline 0 -5"><span class='ocrx_word' id='word_1_441' title='bbox 701 2823 727 2876; x_wconf 85' lang='lat' dir='ltr'><em>ri</em></span> <span class='ocrx_word' id='word_1_442' title='bbox 745 2843 779 2879; x_wconf 93' lang='lat' dir='ltr'><em>m.</em></span> <span class='ocrx_word' id='word_1_443' title='bbox 801 2842 826 2878; x_wconf 84' lang='lat' dir='ltr'><em>r.</em></span> <span class='ocrx_word' id='word_1_444' title='bbox 851 2823 926 2881; x_wconf 89' lang='lat' dir='ltr'><em>ibid.</em></span> <span class='ocrx_word' id='word_1_445' title='bbox 944 2842 979 2878; x_wconf 85' lang='lat' dir='ltr'><em>ex</em></span> <span class='ocrx_word' id='word_1_446' title='bbox 994 2833 1047 2880; x_wconf 83' lang='lat' dir='ltr'><em>s&#39;ua</em></span> <span class='ocrx_word' id='word_1_447' title='bbox 1064 2845 1098 2880; x_wconf 84' lang='lat' dir='ltr'><em>re</em></span> <span class='ocrx_word' id='word_1_448' title='bbox 1117 2825 1190 2881; x_wconf 63' lang='lat' dir='ltr'><em>limi.</em></span> 
     </span>
     <span class='ocr_line' id='line_1_86' title="bbox 699 2884 1189 3019; baseline 0.018 -77"><span class='ocrx_word' id='word_1_449' title='bbox 699 2890 766 2946; x_wconf 82' lang='lat' dir='ltr'><em>llari</em></span> <span class='ocrx_word' id='word_1_450' title='bbox 783 2892 886 2956; x_wconf 85' lang='lat' dir='ltr'><em>dabat,</em></span> <span class='ocrx_word' id='word_1_451' title='bbox 904 2911 980 2967; x_wconf 83' lang='lat' dir='ltr'><em>quac</em></span> <span class='ocrx_word' id='word_1_452' title='bbox 1002 2884 1107 2951; x_wconf 70' lang='lat' dir='ltr'><em>amicis</em></span> <span class='ocrx_word' id='word_1_453' title='bbox 1125 2912 1189 3019; x_wconf 79' lang='lat' dir='ltr'><em>opus</em></span> 
     </span>
     <span class='ocr_line' id='line_1_87' title="bbox 699 2958 1187 3030; baseline 0.012 -19"><span class='ocrx_word' id='word_1_454' title='bbox 699 2958 876 3024; x_wconf 71' lang='grc'>1222222225,</span> <span class='ocrx_word' id='word_1_455' title='bbox 896 2980 922 3030; x_wconf 89' lang='grc'><em>7,</em></span> <span class='ocrx_word' id='word_1_456' title='bbox 944 2980 974 3019; x_wconf 73' lang='grc'><em>2.,</em></span> <span class='ocrx_word' id='word_1_457' title='bbox 995 2978 1029 3013; x_wconf 84' lang='lat' dir='ltr'><em>cx</em></span> <span class='ocrx_word' id='word_1_458' title='bbox 1050 2978 1137 3017; x_wconf 82' lang='lat' dir='ltr'><em>mann</em></span> <span class='ocrx_word' id='word_1_459' title='bbox 1158 2964 1187 3017; x_wconf 84' lang='lat' dir='ltr'><em>iis</em></span> 
     </span>
     <span class='ocr_line' id='line_1_88' title="bbox 700 3030 1186 3093; baseline 0.023 -14"><span class='ocrx_word' id='word_1_460' title='bbox 700 3043 807 3087; x_wconf 78' lang='lat' dir='ltr'><em>ornare</em></span> <span class='ocrx_word' id='word_1_461' title='bbox 822 3047 918 3084; x_wconf 80' lang='lat' dir='ltr'><em>arcem</em></span> <span class='ocrx_word' id='word_1_462' title='bbox 937 3032 963 3091; x_wconf 84' lang='lat'><em>5,</em></span> <span class='ocrx_word' id='word_1_463' title='bbox 983 3048 1008 3093; x_wconf 88' lang='grc'><em>2,</em></span> <span class='ocrx_word' id='word_1_464' title='bbox 1028 3032 1057 3086; x_wconf 79' lang='grc'><em>5.</em></span> <span class='ocrx_word' id='word_1_465' title='bbox 1078 3030 1142 3089; x_wconf 79' lang='lat' dir='ltr'><em>Sive</em></span> <span class='ocrx_word' id='word_1_466' title='bbox 1163 3031 1186 3089; x_wconf 78' lang='lat' dir='ltr'><em>V·</em></span> 
     </span>
     <span class='ocr_line' id='line_1_89' title="bbox 697 3096 1189 3170; baseline 0.018 -24"><span class='ocrx_word' id='word_1_467' title='bbox 697 3111 785 3150; x_wconf 90' lang='lat' dir='ltr'><em>unum</em></span> <span class='ocrx_word' id='word_1_468' title='bbox 800 3108 849 3152; x_wconf 87' lang='lat' dir='ltr'><em>aut</em></span> <span class='ocrx_word' id='word_1_469' title='bbox 869 3096 983 3170; x_wconf 83' lang='lat' dir='ltr'><em>aliquot</em></span> <span class='ocrx_word' id='word_1_470' title='bbox 996 3114 1011 3150; x_wconf 88' lang='lat' dir='ltr'><em>c</em></span> <span class='ocrx_word' id='word_1_471' title='bbox 1026 3100 1145 3169; x_wconf 85' lang='lat' dir='ltr'><em>multis,</em></span> <span class='ocrx_word' id='word_1_472' title='bbox 1161 3107 1189 3155; x_wconf 90' lang='lat' dir='ltr'><em>ul</em></span> 
     </span>
    </p>
   </div>
   <div class='ocr_carea' id='block_1_28' title="bbox 685 3162 1187 3238">
    <p class='ocr_par' dir='ltr' id='par_1_33' title="bbox 685 3162 1187 3238">
     <span class='ocr_line' id='line_1_90' title="bbox 685 3162 1187 3238; baseline 0.05 -35"><span class='ocrx_word' id='word_1_473' title='bbox 685 3199 688 3203; x_wconf 82' lang='lat'><em>.</em></span> <span class='ocrx_word' id='word_1_474' title='bbox 698 3177 733 3214; x_wconf 68' lang='lat'><em>01</em></span> <span class='ocrx_word' id='word_1_475' title='bbox 747 3162 867 3238; x_wconf 65' lang='lat' dir='ltr'><em>ephoris</em></span> <span class='ocrx_word' id='word_1_476' title='bbox 878 3164 999 3237; x_wconf 82' lang='lat' dir='ltr'><em>quidam</em></span> <span class='ocrx_word' id='word_1_477' title='bbox 1009 3166 1067 3218; x_wconf 88' lang='lat' dir='ltr'><em>buc</em></span> <span class='ocrx_word' id='word_1_478' title='bbox 1082 3168 1187 3225; x_wconf 72' lang='lat' dir='ltr'><em>descu-</em></span> 
     </span>
    </p>
   </div>
   <div class='ocr_carea' id='block_1_29' title="bbox 693 3226 1185 3719">
    <p class='ocr_par' dir='ltr' id='par_1_34' title="bbox 693 3226 1185 3719">
     <span class='ocr_line' id='line_1_91' title="bbox 697 3226 1185 3306; baseline 0.025 -26"><span class='ocrx_word' id='word_1_479' title='bbox 697 3226 803 3287; x_wconf 82' lang='lat' dir='ltr'><em>derunt</em></span> <span class='ocrx_word' id='word_1_480' title='bbox 823 3238 851 3302; x_wconf 86' lang='lat'><em>4,</em></span> <span class='ocrx_word' id='word_1_481' title='bbox 867 3239 895 3301; x_wconf 89' lang='lat'><em>4,</em></span> <span class='ocrx_word' id='word_1_482' title='bbox 913 3241 940 3306; x_wconf 88' lang='lat'><em>4.</em></span> <span class='ocrx_word' id='word_1_483' title='bbox 966 3233 1050 3287; x_wconf 75' lang='lat' dir='ltr'><em>Tissa</em></span> <span class='ocrx_word' id='word_1_484' title='bbox 1076 3238 1185 3299; x_wconf 82' lang='lat' dir='ltr'><em>hernes,</em></span> 
     </span>
     <span class='ocr_line' id='line_1_92' title="bbox 696 3300 1185 3374; baseline 0.014 -21"><span class='ocrx_word' id='word_1_485' title='bbox 696 3300 746 3369; x_wconf 90' lang='lat' dir='ltr'><em>qui</em></span> <span class='ocrx_word' id='word_1_486' title='bbox 766 3318 800 3355; x_wconf 85' lang='lat' dir='ltr'><em>ex</em></span> <span class='ocrx_word' id='word_1_487' title='bbox 819 3302 927 3357; x_wconf 87' lang='lat' dir='ltr'><em>intimis</em></span> <span class='ocrx_word' id='word_1_488' title='bbox 944 3301 1022 3374; x_wconf 81' lang='lat' dir='ltr'><em>regis</em></span> <span class='ocrx_word' id='word_1_489' title='bbox 1042 3320 1058 3354; x_wconf 89' lang='lat' dir='ltr'><em>a</em></span> <span class='ocrx_word' id='word_1_490' title='bbox 1098 3306 1185 3360; x_wconf 88' lang='lat' dir='ltr'><em>amici-</em></span> 
     </span>
     <span class='ocr_line' id='line_1_93' title="bbox 695 3369 1185 3441; baseline 0.008 -20"><span class='ocrx_word' id='word_1_491' title='bbox 695 3370 737 3423; x_wconf 83' lang='lat' dir='ltr'><em>tia</em></span> <span class='ocrx_word' id='word_1_492' title='bbox 760 3370 820 3437; x_wconf 80' lang='lat' dir='ltr'><em>ojus</em></span> <span class='ocrx_word' id='word_1_493' title='bbox 844 3369 991 3424; x_wconf 82' lang='lat' dir='ltr'><em>deiecerat</em></span> <span class='ocrx_word' id='word_1_494' title='bbox 1013 3388 1043 3441; x_wconf 84' lang='lat'><em>9,</em></span> <span class='ocrx_word' id='word_1_495' title='bbox 1068 3391 1095 3437; x_wconf 92' lang='grc'><em>2,</em></span> <span class='ocrx_word' id='word_1_496' title='bbox 1115 3391 1139 3428; x_wconf 89' lang='grc'><em>2.</em></span> <span class='ocrx_word' id='word_1_497' title='bbox 1157 3389 1185 3427; x_wconf 84' lang='lat' dir='ltr'><em>cx</em></span> 
     </span>
     <span class='ocr_line' id='line_1_94' title="bbox 695 3436 1183 3514; baseline 0.01 -24"><span class='ocrx_word' id='word_1_498' title='bbox 695 3436 844 3492; x_wconf 74' lang='lat' dir='ltr'><em>biarchus</em></span> <span class='ocrx_word' id='word_1_499' title='bbox 860 3440 1000 3492; x_wconf 81' lang='lat' dir='ltr'><em>memoria</em></span> <span class='ocrx_word' id='word_1_500' title='bbox 1019 3437 1119 3514; x_wconf 77' lang='lat' dir='ltr'><em>dignis</em></span> <span class='ocrx_word' id='word_1_501' title='bbox 1133 3442 1183 3497; x_wconf 82' lang='lat' dir='ltr'><em>elu-</em></span> 
     </span>
     <span class='ocr_line' id='line_1_95' title="bbox 695 3506 1183 3577; baseline 0.012 -19"><span class='ocrx_word' id='word_1_502' title='bbox 695 3515 742 3560; x_wconf 87' lang='lat' dir='ltr'><em>cet</em></span> <span class='ocrx_word' id='word_1_503' title='bbox 772 3506 894 3560; x_wconf 84' lang='lat' dir='ltr'><em>maximc</em></span> <span class='ocrx_word' id='word_1_504' title='bbox 923 3511 1081 3567; x_wconf 81' lang='lat' dir='ltr'><em>inventum</em></span> <span class='ocrx_word' id='word_1_505' title='bbox 1115 3509 1183 3577; x_wconf 81' lang='lat' dir='ltr'><em>ejus,</em></span> 
     </span>
     <span class='ocr_line' id='line_1_96' title="bbox 695 3571 1184 3646; baseline 0.01 -20"><span class='ocrx_word' id='word_1_506' title='bbox 695 3571 776 3646; x_wconf 84' lang='lat' dir='ltr'><em>quod</em></span> <span class='ocrx_word' id='word_1_507' title='bbox 792 3592 833 3641; x_wconf 89' lang='grc'><em>22,</em></span> <span class='ocrx_word' id='word_1_508' title='bbox 854 3592 877 3638; x_wconf 96' lang='grc'><em>2,</em></span> <span class='ocrx_word' id='word_1_509' title='bbox 897 3588 924 3628; x_wconf 88' lang='grc'><em>2.·</em></span> <span class='ocrx_word' id='word_1_510' title='bbox 942 3572 1012 3631; x_wconf 77' lang='lat' dir='ltr'><em>sice</em></span> <span class='ocrx_word' id='word_1_511' title='bbox 1034 3576 1084 3634; x_wconf 77' lang='lat' dir='ltr'><em>Vt.</em></span> <span class='ocrx_word' id='word_1_512' title='bbox 1096 3578 1184 3631; x_wconf 80' lang='lat' dir='ltr'><em>statua</em></span> 
     </span>
     <span class='ocr_line' id='line_1_97' title="bbox 693 3640 1182 3719; baseline 0.004 -24"><span class='ocrx_word' id='word_1_513' title='bbox 693 3640 842 3713; x_wconf 83' lang='lat' dir='ltr'><em>priorem.</em></span> <span class='ocrx_word' id='word_1_514' title='bbox 860 3652 893 3697; x_wconf 87' lang='lat' dir='ltr'><em>ut</em></span> <span class='ocrx_word' id='word_1_515' title='bbox 902 3662 935 3696; x_wconf 83' lang='lat' dir='ltr'><em>ex</em></span> <span class='ocrx_word' id='word_1_516' title='bbox 947 3643 1042 3698; x_wconf 86' lang='lat' dir='ltr'><em>bieme</em></span> <span class='ocrx_word' id='word_1_517' title='bbox 1062 3646 1182 3719; x_wconf 66' lang='lat' dir='ltr'><em>marique</em></span> 
     </span>
    </p>
   </div>
   <div class='ocr_carea' id='block_1_30' title="bbox 669 3711 1185 3781">
    <p class='ocr_par' dir='ltr' id='par_1_35' title="bbox 669 3711 1185 3781">
     <span class='ocr_line' id='line_1_98' title="bbox 669 3711 1185 3781; baseline 0.017 -20"><span class='ocrx_word' id='word_1_518' title='bbox 669 3711 850 3781; x_wconf 84' lang='lat' dir='ltr'><em>·ocopuloso</em></span> <span class='ocrx_word' id='word_1_519' title='bbox 875 3728 977 3765; x_wconf 81' lang='lat' dir='ltr'><em>navem</em></span> <span class='ocrx_word' id='word_1_520' title='bbox 1000 3729 1123 3769; x_wconf 77' lang='lat' dir='ltr'><em>servare</em></span> <span class='ocrx_word' id='word_1_521' title='bbox 1148 3716 1185 3779; x_wconf 78' lang='grc'><em>25,</em></span> 
     </span>
    </p>
   </div>
   <div class='ocr_carea' id='block_1_31' title="bbox 696 3780 1182 3854">
    <p class='ocr_par' dir='ltr' id='par_1_36' title="bbox 696 3780 1182 3854">
     <span class='ocr_line' id='line_1_99' title="bbox 696 3780 1182 3854; baseline 0.012 -26"><span class='ocrx_word' id='word_1_522' title='bbox 696 3793 736 3840; x_wconf 89' lang='grc' dir='ltr'><em>ιο,</em></span> <span class='ocrx_word' id='word_1_523' title='bbox 756 3780 781 3833; x_wconf 84' lang='lat'><em>6.</em></span> <span class='ocrx_word' id='word_1_524' title='bbox 802 3796 836 3831; x_wconf 82' lang='lat' dir='ltr'><em>ex</em></span> <span class='ocrx_word' id='word_1_525' title='bbox 856 3788 901 3833; x_wconf 89' lang='lat' dir='ltr'><em>tot</em></span> <span class='ocrx_word' id='word_1_526' title='bbox 915 3781 1059 3854; x_wconf 84' lang='lat' dir='ltr'><em>procellis</em></span> <span class='ocrx_word' id='word_1_527' title='bbox 1077 3780 1182 3836; x_wconf 86' lang='lat' dir='ltr'><em>civilib.</em></span> 
     </span>
    </p>
   </div>
   <div class='ocr_carea' id='block_1_32' title="bbox 656 3842 1183 3918">
    <p class='ocr_par' dir='ltr' id='par_1_37' title="bbox 656 3842 1183 3918">
     <span class='ocr_line' id='line_1_100' title="bbox 656 3842 1183 3918; baseline 0.013 -23"><span class='ocrx_word' id='word_1_528' title='bbox 656 3884 659 3889; x_wconf 62' lang='grc'>,</span> <span class='ocrx_word' id='word_1_529' title='bbox 688 3842 1183 3918; x_wconf 82' lang='lat' dir='ltr'><em>adincolumitatempervenitibid.</em></span> 
     </span>
    </p>
   </div>
   <div class='ocr_carea' id='block_1_33' title="bbox 690 3912 1187 4182">
    <p class='ocr_par' dir='ltr' id='par_1_38' title="bbox 690 3912 1187 4182">
     <span class='ocr_line' id='line_1_101' title="bbox 692 3912 1187 3973; baseline 0.012 -8"><span class='ocrx_word' id='word_1_530' title='bbox 692 3928 727 3965; x_wconf 86' lang='lat' dir='ltr'><em>ex</em></span> <span class='ocrx_word' id='word_1_531' title='bbox 744 3912 825 3967; x_wconf 88' lang='lat' dir='ltr'><em>bello</em></span> <span class='ocrx_word' id='word_1_532' title='bbox 850 3915 942 3969; x_wconf 88' lang='lat' dir='ltr'><em>otium</em></span> <span class='ocrx_word' id='word_1_533' title='bbox 960 3916 1078 3973; x_wconf 83' lang='lat' dir='ltr'><em>insulae</em></span> <span class='ocrx_word' id='word_1_534' title='bbox 1095 3918 1187 3973; x_wconf 83' lang='lat' dir='ltr'><em>coaci-</em></span> 
     </span>
     <span class='ocr_line' id='line_1_102' title="bbox 690 3979 1183 4061; baseline 0.014 -29"><span class='ocrx_word' id='word_1_535' title='bbox 690 3979 775 4034; x_wconf 78' lang='lat' dir='ltr'><em>licvit</em></span> <span class='ocrx_word' id='word_1_536' title='bbox 798 3996 846 4044; x_wconf 81' lang='grc' dir='ltr'><em>2ο,</em></span> <span class='ocrx_word' id='word_1_537' title='bbox 864 3984 896 4048; x_wconf 88' lang='grc'><em>3,</em></span> <span class='ocrx_word' id='word_1_538' title='bbox 922 4004 947 4038; x_wconf 89' lang='grc'><em>2.</em></span> <span class='ocrx_word' id='word_1_539' title='bbox 969 3984 1019 4041; x_wconf 81' lang='lat' dir='ltr'><em>Sic</em></span> <span class='ocrx_word' id='word_1_540' title='bbox 1043 3984 1183 4061; x_wconf 61' lang='lat' dir='ltr'><em>Velleius:</em></span> 
     </span>
     <span class='ocr_line' id='line_1_103' title="bbox 691 4048 1185 4125; baseline 0.008 -24"><span class='ocrx_word' id='word_1_541' title='bbox 691 4064 726 4101; x_wconf 81' lang='lat' dir='ltr'><em>ex</em></span> <span class='ocrx_word' id='word_1_542' title='bbox 739 4048 892 4105; x_wconf 82' lang='lat' dir='ltr'><em>consulatu</em></span> <span class='ocrx_word' id='word_1_543' title='bbox 905 4050 1027 4106; x_wconf 83' lang='lat' dir='ltr'><em>sortitus</em></span> <span class='ocrx_word' id='word_1_544' title='bbox 1041 4054 1083 4125; x_wconf 78' lang='lat' dir='ltr'><em>est</em></span> <span class='ocrx_word' id='word_1_545' title='bbox 1095 4055 1185 4111; x_wconf 79' lang='lat' dir='ltr'><em>Asiam</em></span> 
     </span>
     <span class='ocr_line' id='line_1_104' title="bbox 691 4117 1184 4182; baseline 0.01 -13"><span class='ocrx_word' id='word_1_546' title='bbox 691 4132 716 4179; x_wconf 89' lang='grc'><em>2,</em></span> <span class='ocrx_word' id='word_1_547' title='bbox 741 4117 790 4182; x_wconf 83' lang='grc'><em>33,</em></span> <span class='ocrx_word' id='word_1_548' title='bbox 812 4134 834 4170; x_wconf 89' lang='grc' dir='ltr'><em>ι·.</em></span> <span class='ocrx_word' id='word_1_549' title='bbox 857 4134 873 4172; x_wconf 87' lang='lat' dir='ltr'><em>e</em></span> <span class='ocrx_word' id='word_1_550' title='bbox 895 4119 1050 4175; x_wconf 80' lang='lat' dir='ltr'><em>consulatu</em></span> <span class='ocrx_word' id='word_1_551' title='bbox 1076 4124 1184 4179; x_wconf 76' lang='lat' dir='ltr'><em>obtine·</em></span> 
     </span>
    </p>
   </div>
   <div class='ocr_carea' id='block_1_34' title="bbox 667 4182 1186 4259">
    <p class='ocr_par' dir='ltr' id='par_1_39' title="bbox 667 4182 1186 4259">
     <span class='ocr_line' id='line_1_105' title="bbox 667 4182 1186 4259; baseline 0.013 -21"><span class='ocrx_word' id='word_1_552' title='bbox 667 4182 742 4239; x_wconf 72' lang='lat' dir='ltr'><em>bat</em></span> <span class='ocrx_word' id='word_1_553' title='bbox 763 4185 932 4258; x_wconf 83' lang='lat' dir='ltr'><em>Hispaniam</em></span> <span class='ocrx_word' id='word_1_554' title='bbox 961 4206 988 4255; x_wconf 91' lang='grc'><em>2,</em></span> <span class='ocrx_word' id='word_1_555' title='bbox 1012 4193 1061 4259; x_wconf 85' lang='grc'><em>78,</em></span> <span class='ocrx_word' id='word_1_556' title='bbox 1085 4194 1113 4250; x_wconf 84' lang='grc'><em>3.</em></span> <span class='ocrx_word' id='word_1_557' title='bbox 1138 4188 1186 4247; x_wconf 87' lang='lat' dir='ltr'><em>ubi</em></span> 
     </span>
    </p>
   </div>
   <div class='ocr_carea' id='block_1_35' title="bbox 0 0 1310 4650">
    <p class='ocr_par' dir='ltr' id='par_1_40' title="bbox 0 0 1310 4650">
     <span class='ocr_line' id='line_1_106' title="bbox 0 0 1310 4650; baseline 0 6"><span class='ocrx_word' id='word_1_558' title='bbox 0 0 1310 4650; x_wconf 95' lang='lat' dir='ltr'><em> </em></span> 
     </span>
    </p>
   </div>
  </div>
 </body>
</html>
