2610 4650
167 316 277 385 &6'

202 543 263 579 non
271 542 358 596 posse
370 525 429 594 jem
443 522 481 580 ed
496 527 618 582 salutem
627 543 696 580 cou-

157 637 161 651 .
185 598 279 650 ‘verti
304 597 361 651 hoc
383 595 501 650 malum.
521 605 695 648 convertere

203 660 240 715 ed
258 683 288 719 se
309 663 411 717 oculos
435 663 584 729 omnium,
618 662 696 736 aspi·

194 731 232 788 ‚ei
253 733 291 787 ab
308 730 465 799 omnibus,
485 733 697 787 aestimatione

179 806 234 879 ¹et
257 800 463 857 admiratione
483 800 620 863 ¹virtutis,
646 818 695 870 po-

202 871 320 924 tentiae
333 888 360 938 7,
372 871 399 935 3,
411 871 438 927 5.
449 869 550 922 Boect.
560 870 604 923 sic
615 872 695 924 Cart.

202 935 242 992 dc
254 945 353 994 matre
369 945 403 994 et
413 933 544 1009 conjuge
558 939 653 991 Darii
666 938 695 1003 3,

205 1023 247 1070 ιι,
266 1009 308 1073 24.
323 1004 400 1062 etde
418 1007 549 1065 Rodane
560 1006 589 1068 8,
607 1013 634 1074 4,
652 1010 694 1072 24.

203 1073 306 1129 Simili
328 1074 436 1147 phrasi
464 1085 639 1127 convertere
664 1073 695 1126 iu

116 1141 124 1151 ‘
202 1156 233 1194 ee
249 1143 378 1196 omnium
395 1154 505 1196 mentes
521 1140 693 1198 dicicitur.

201 1226 229 1270 2,
250 1228 291 1277 17,
312 1214 339 1276 4.
363 1222 455 1265 totum
478 1221 622 1264 terrerum
646 1229 694 1265 or.

199 1274 269 1329 bem
298 1275 401 1351 Vellei.
415 1297 440 1343 2,
459 1281 503 1344 31,
523 1297 546 1332 ι.
568 1281 695 1332 animum

202 1341 393 1403 odolescentis
421 1346 506 1420 regis.
526 1347 630 1403 Liuius
651 1349 693 1413 24,

200 1413 228 1468 5.
246 1418 392 1471 convertit
412 1433 442 1470 se
460 1413 496 1467 ed
511 1433 561 1468 eos
581 1416 694 1481 civitas,
713 1452 717 1461 .

201 1482 345 1554 opinione
353 1485 489 1541 omnium
500 1482 694 1539 destinaban-

201 1558 269 1616 tur,
287 1555 337 1625 qai
350 1554 521 1611 libertatem
537 1559 566 1606 et
581 1560 695 1625 statum

202 1619 277 1690 reip.
296 1621 474 1687 redderent,
490 1623 534 1687 25,
550 1620 579 1687 8,
600 1641 622 1675 ι.
648 1621 693 1675 ci-

612 316 811 428 {NB-EX

919 286 929 313 *
1062 302 1067 337 i

764 542 790 579 2.
806 523 1003 578 beibarorum
1026 519 1169 589 disjicere
1193 539 1217 586 1,
1232 536 1256 584 ¹,

766 614 791 648 1.
810 592 936 646 educere
948 608 981 643 ex
993 589 1069 644 urbe
1084 608 1109 654 1,
1119 593 1148 654 5,
1163 607 1191 645 2.
1204 599 1254 642 tre·

762 661 890 727 ducere,
905 667 996 735 ponte
1009 655 1102 723 (alibi
1110 659 1253 723 traiicere,

764 737 795 786 et
809 748 882 787 mox
901 748 927 783 o.
946 736 972 796 4.
988 725 1212 798 tramportare)
1232 743 1252 789 1,

763 802 792 867 3,
814 818 838 853 ι.
861 797 956 871 copiis
978 795 1090 866 exiguis
1117 793 1251 847 dimicare

766 867 835 935 ι,Υ,,
853 868 879 922 5.
898 883 962 919 cum
977 866 1066 918 tentis
1089 861 1187 934 copiis
1203 862 1251 914 Eu·

764 931 875 1007 ropem'
890 931 1046 999 invadere‘,
1071 943 1106 986 ut
1130 948 1158 996 2,
1181 932 1250 996 2,,4.

764 1003 859 1076 copiis
872 1000 1050 1075 pedestribus
1064 1001 1135 1074 plue
1148 999 1249 1059 velere,

762 1070 1124 1203 2335.23i32¹23⁷’.t‘,²·
1147 1066 1249 1140 ΡΜ

973 1174 1006 1200 ,,
1061 1173 1070 1201 ,
1107 1175 1116 1191 .
1195 1176 1199 1185 .

729 1242 850 1314 copiosa
867 1239 933 1302 via,
953 1237 1046 1301 (mox
1064 1232 1195 1289 omnium
1210 1247 1249 1286 re·

763 1328 827 1364 rum
846 1305 1013 1372 abundans,
1030 1322 1099 1376 opp.
1123 1303 1190 1356 loca
1206 1300 1249 1354 de-

763 1380 857 1444 serte)
877 1376 918 1439 ι8,
936 1376 964 1437 8,
980 1378 1006 1430 5.
1025 1372 1080 1428 Sic
1097 1389 1151 1444 ap.
1165 1371 1248 1425 Cicer.

761 1467 816 1520 pro
846 1444 982 1502 Archia:
1017 1440 1089 1495 urbs
1116 1439 1249 1513 eopiosa,

762 1518 795 1571 in
813 1534 870 1589 qua
884 1515 1020 1569 omnium
1036 1526 1141 1571 rerum
1155 1514 1199 1563 est
1210 1523 1250 1562 co·

761 1586 823 1657 pia.
848 1581 944 1638 Varii.
966 1638 978 1655 ι

202 1706 270 1743 cero
288 1694 328 1758 ι4.
346 1710 392 1765 ep.
415 1686 457 1744 ad
474 1690 564 1745 Attio.
587 1702 630 1746 20.
649 1690 695 1742 ita
729 1694 862 1764 copulam
886 1710 973 1746 manu
992 1707 1114 1764 gerere,
1139 1686 1250 1752 tucino,

201 1750 305 1827 efferte
325 1776 402 1834 resp.
422 1757 530 1841 pendet
551 1775 567 1811 a
585 1760 694 1823 Bruto,
721 1791 728 1796 -

201 1830 238 1882 ab
256 1825 306 1880 isto
323 1827 499 1881 servabitur.
513 1826 613 1880 Boccl.
629 1824 695 1880 Hac

200 1896 270 1970 ipsa
286 1915 353 1951 aero
363 1895 474 1981 phrasi
487 1913 558 1950 usus
571 1892 652 1950 idem
661 1894 694 1947 in

201 1983 300 2020 somn.
316 1964 398 2039 Scep.
412 1984 437 2020 c.
451 1983 477 2017 2.
491 1964 541 2035 qui
552 1961 635 2017 locus
648 1962 692 2015 in·

203 2038 269 2088 star
282 2033 510 2101 παραφράσεωε
523 2033 598 2087 erit:
616 2032 649 2084 In
665 2039 693 2082 te

200 2118 307 2165 unum,
326 2101 439 2174 inquit,
458 2110 545 2173 atque
567 2099 596 2152 in
613 2108 694 2151 tuum

200 2186 307 2222 nomen
323 2186 353 2224 se
369 2180 430 2224 tota
451 2178 604 2224 convertet
623 2165 694 2219 civi-

200 2247 261 2291 tas:
280 2247 308 2290 te
324 2249 455 2302 senatus,
476 2247 504 2290 te
524 2253 624 2291 omncs
639 2235 693 2288 bo-

194 2305 244 2369 ni,
262 2315 290 2358 te
312 2307 402 2373 socii,
428 2318 456 2361 te
480 2305 575 2358 Latini
600 2307 693 2357 intue-

199 2372 327 2427 buntur:
346 2384 377 2427 tu
396 2375 454 2428 eris
476 2391 567 2437 unus,
587 2373 692 2442 inquo

112 2476 115 2481 -
200 2442 311 2494 nitatur
325 2443 453 2497 civitatis
466 2441 552 2494 salus.
577 2440 693 2496 Seneca

139 2524 152 2547 t
201 2507 239 2564 de
253 2507 340 2564 clem.
360 2529 384 2575 1,
397 2516 423 2577 4.
446 2509 603 2580 Sequitur,
620 2518 653 2561 ut
669 2507 693 2560 is

201 2595 318 2648 quoque
335 2581 433 2632 carior
448 2577 502 2642 sit,
518 2577 547 2629 in
563 2595 649 2650 quem
662 2591 693 2628 sc

763 1760 930 1826 vinculum,
948 1759 1067 1827 lorum,
1083 1775 1144 1842 quo
1158 1750 1250 1830 ligan-

763 1839 813 1885 tur
822 1849 912 1886 canes
921 1831 1059 1885 venatici.
1077 1838 1132 1886 esne
1143 1823 1250 1889 tuoni

765 1898 892 1955 Ovidius
916 1901 995 1953 trist.
1019 1901 1046 1961 5,
1069 1915 1080 1948 1
1104 1934 1112 1948 .
1136 1895 1250 1946 Lucetiu-

762 1979 821 2021 tem
836 1967 939 2021 frustra
955 1967 1061 2037 copula
1075 1915 1152 2018 dure
1165 1969 1249 2014 tenet.

762 2035 800 2092 de
814 2055 889 2092 cane
898 2040 1033 2092 venatico
1048 2032 1193 2106 loquitur.
1205 2025 1252 2082 ad-

763 2103 800 2161 de
820 2106 930 2159 Barth.
954 2105 1060 2162 advers
1092 2103 1123 2166 8,
1144 2104 1185 2165 ¹4·
1207 2114 1251 2150 θο-

761 2173 830 2246 puls
846 2174 947 2226 talium
963 2177 1114 2235 virorum,
1133 2167 1172 2223 de
1186 2165 1252 2221 Atti·

763 2260 806 2304 co,
824 2243 874 2314 qni
886 2243 972 2298 inter
983 2236 1215 2318 oensulosudic.
1227 2237 1253 2288 et

763 2309 974 2374 Hortensium,
993 2311 1166 2378 intercessit
1180 2300 1251 2356 velu-

762 2379 787 2432 ti
806 2379 938 2445 medius,
957 2375 1127 2452 effecitque,
1146 2368 1252 2427 utrici·

762 2445 794 2500 la
815 2449 896 2503 inter
914 2466 964 2503 eos
986 2442 1188 2502 intercederet
1205 2438 1252 2494 ob-

761 2518 919 2580 trectatio,
945 2518 988 2583 25,
1007 2521 1033 2582 4,
1052 2515 1077 2567 5.
1103 2511 1158 2566 Sic
1176 2506 1253 2564 Iulia

763 2581 905 2657 Pompeji
929 2593 958 2640 et
983 2581 1123 2638 Caesaris
1150 2577 1252 2649 copula

200 2645 319 2716 respub.
331 2645 486 2699 convertit.
497 2662 693 2697 conversusu-
753 2651 839 2722 suit,-
863 2655 913 2724 ‘im'
927 2655 1008 2709 enim
1022 2649 1079 2706 ill„
1096 2647 1252 2706 mmm.

200 2712 265 2765 bito
282 2712 401 2767 fortuna
421 2714 471 2778 est,
492 2720 692 2777 commutato,

106 2795 109 2799 ’
200 2782 251 2844 25,
278 2799 325 2845 ιο,
350 2801 374 2836 ι.
397 2788 588 2841 [convertere
612 2799 642 2836 se
663 2781 692 2833 iu

185 2849 352 2928 vPhrygiam
370 2866 410 2918 17,
428 2852 456 2916 3,
474 2858 518 2911 2.]

84 2976 98 3016 q
165 2949 334 3017 convictus,
360 2952 558 3021 προσομιλία.
583 2951 692 3004 habere

184 3017 325 3090 .aliquem
348 3020 378 3072 in
396 3021 532 3074 convictu
550 3022 594 3082 25,
611 3020 640 3083 8,
664 3037 689 3070 2.

164 3120 400 3175 convivceAttici
416 3119 577 3176 nonminus
592 3120 691 3172 animo

762 2720 834 2776 cline
867 2721 1103 2777 continebantur
1138 2714 1252 2773 adhuc,

761 2789 859 2845 soluto
872 2810 924 2861 per
942 2797 1067 2844 mortem
1085 2781 1254 2853 Juliaesoe·

761 2857 847 2922 dere,
863 2857 904 2912 ad
917 2875 1006 2912 arura
1015 2875 1189 2930 prorupere.
1199 2867 1252 2904 ma·

760 2927 788 2978 le
807 2927 990 2980 cohaerentis
1005 2925 1113 2997 pignus
1130 2938 1250 2976 concor·

759 2991 967 3116 giaelVeilejo
1000 2993 1036 3063 ob
1067 2993 1102 3052 id
1131 2992 1250 3075 dicitur.

786 3081 859 3117 occ.

199 3205 285 3258 quam
300 3201 402 3241 ventre
415 3187 634 3243 delectabantur
647 3191 692 3252 25,
726 3183 865 3252 coquitur
876 3183 903 3235 ei
918 3199 1026 3245 coena,
1047 3186 1218 3253 apparatur
1225 3179 1251 3242 ὅ,

151 3314 154 3321 ,
201 3263 242 3324 24,
264 3256 405 3327 nauales
419 3258 456 3312 ab
470 3254 535 3311 eod.
554 3259 653 3311 uocati
666 3276 689 3310 ν.
759 3257 785 3320 4,
811 3252 838 3304 3.
863 3263 947 3306 cocta
968 3250 1081 3305 cibaria
1109 3250 1150 3315 18,
1176 3251 1206 3316 8,
1227 3265 1250 3319 7.

197 3337 224 3383 2.
234 3326 367 3381 concivio
376 3344 485 3381 uxores
495 3324 630 3380 Romani
639 3323 691 3378 ad.
760 3340 784 3374 ν.
801 3326 864 3375 not.

199 3395 360 3458 'ridebant’
386 3393 494 3450 Graeci
516 3412 578 3446 '¹⁰¹²
599 3396 690 3458 item>
726 3411 844 3483 [coram
855 3407 1093 3485 frequentissimo
1110 3421 1251 3468 conventu

197 3463 327 3550 praefat.
340 3465 366 3547 6
376 3469 410 3552 'et
419 3481 446 3530 7.
461 3480 486 3515 ν.
501 3469 564 3516 not.
578 3463 611 3516 in
624 3481 690 3544 con·
758 3484 803 3543 ,5,
824 3485 851 3546 6,
870 3485 896 3548 4.
921 3479 1119 3534 Diomedonte
1137 3499 1250 3546 coram,

199 3529 691 3612 vwwAiilcla'issgmswefludi·
758 3568 813 3622 per
845 3549 1053 3623 anastrophen
1101 3551 1145 3615 15,
1172 3555 1201 3619 4,
1227 3568 1249 3602 ¹·

99 3678 107 3693 .
198 3605 224 3660 η·
245 3605 288 3668 25,
309 3601 349 3664 18,
359 3601 399 3652 ἰ.
413 3598 462 3667 [ιη
486 3600 627 3653 eonviuo
644 3616 693 3652 aa·
761 3622 881 3674 Sueton,
901 3621 961 3674 Tit.
979 3638 1004 3673 c.
1022 3637 1063 3672 10.
1076 3620 1195 3690 populo
1208 3637 1251 3675 ω.

198 3671 306 3725 cubans
321 3669 363 3733 16,
381 3669 409 3729 3,
429 3673 473 3727 2·J
694 3722 703 3741 ,
758 3705 822 3741 rem
835 3687 963 3743 ubertim
981 3688 1135 3750 fleverat]

158 3767 349 3908 {effocare
376 3767 541 3823 classiarios
567 3770 616 3834 23,
645 3785 688 3834 ιο,
724 3799 800 3854 Gom

164 3950 298 4004 cooritur
315 3948 390 4002 risus
411 3947 452 4012 15,
466 3947 494 4012 8,
511 3947 537 4005 5.

835 3815 881 3850 am
900 3798 954 3852 sub
973 3798 1132 3873 imperium
1145 3798 1249 3854 Athen.

755 3885 789 3921 re
812 3867 866 3940 igit
888 3869 1015 3922 Timoth.
1041 3869 1084 3934 ι3,
1108 3885 1136 3934 2,
1156 3887 1182 3922 ι.
1204 3865 1252 3920 de·

755 3936 1092 4059 essuries
1109 3936 1251 4061 ees

755 4024 1038 4146 cyradisgestuma‚
1055 4041 1124 4138 2,’‘1.
1143 4075 1252 4145 ,Corcy-

754 4158 841 4279 :5⁶⁵3OE
857 4142 969 4247 frangit·
981 4141 1082 4198 classis
1100 4141 1208 4199 Athen.
1221 4158 1250 4237 .'’

18 4096 22 4102 ·
119 4038 122 4043 Ι
164 4065 285 4137 copiae,
310 4083 351 4120 sc.
370 4062 514 4120 miiitum.
535 4061 688 4134 copiarum

86 4148 88 4153 ’
198 4150 284 4188 omne
306 4150 395 4206 genus
421 4131 467 4197 18,
492 4141 519 4196 5,
538 4149 563 4185 2.
587 4132 688 4204 copias

198 4219 265 4262 tuas
285 4199 432 4267 deducere
445 4202 487 4256 ,in
504 4218 599 4274 camp.
617 4217 642 4266 1,
658 4213 688 4277 4,
