2610 4650
92 237 169 344 saco
282 330 285 343 s
393 256 646 340 cornuin
677 273 906 337 ncroms

30 506 51 558 s
109 513 182 560 rum
196 500 260 579 vol.
276 502 314 560 ll.
337 499 448 562 fascic.
466 501 504 561 ΙΙ.
527 521 559 582 p.
576 496 646 564 055.
665 515 755 579 seqq.
776 495 944 579 plerisque
957 493 1109 554 omnibus
1127 493 1188 555 cri-
1228 534 1235 564 ,

94 571 337 669 'ulinationibus
376 605 443 667 suis
479 601 604 665 abunde
633 600 832 670 satisfactum
865 601 929 662 else
963 591 1200 684 conspersisset(
1228 680 1235 688 ι

90 704 207 809 *Quod
231 733 317 787 vero
333 712 577 775 observationes
605 707 779 772 hisloricas‘
797 728 837 769 ex
859 694 1028 768 doctorum
1046 696 1191 767 virorum

91 823 101 863 '·
110 819 348 882 commentariis
361 820 417 881 illa
433 819 641 902 compilavitt
671 837 789 900 easque
809 814 886 898 satis
903 813 1052 874 ridiculis
1069 812 1190 872 errori-

68 908 75 917 ’
109 926 170 988 bus
201 926 267 987 suis
297 926 477 1009 inquinatas
495 899 593 987 noris
623 923 767 986 Cornelii
792 915 1028 1004 exemplaribus
1061 919 1190 992 adlerit,

109 1032 143 1094 id
166 1032 229 1092 boc
249 1030 380 1113 quidem
394 1045 543 1115 tempore
558 1032 642 1093 serat
658 1032 789 1093 tacitum
807 1048 824 1088 a
841 1048 911 1098 me,
945 1027 997 1089 cui
1015 1046 1083 1087 non
1102 1023 1191 1109 fiagi-

98 1131 153 1201 ἐἰεί
170 1115 360 1222 εῬοΓῑτοηιο
377 1114 513 1220 Nepotis
535 1137 661 1200 editore
675 1136 802 1198 admissa
816 1131 1036 1208 manifestare,
1061 1134 1121 1196 sed
1134 1155 1191 1218 po·

79 1245 173 1314 ‚tius
193 1244 242 1304 ‘de
268 1248 394 1327 Nepote
424 1243 522 1326 ipso,
562 1245 590 1305 si
613 1265 675 1328 qua
694 1243 840 1326 possim,
875 1241 959 1315 bene
985 1239 1125 1314 mereri,
1161 1254 1193 1302 et

106 1347 282 1434 praesidia,
320 1348 437 1431 quibus
464 1349 563 1429 adjuti
592 1350 646 1412 alii
673 1351 769 1413 etiam
790 1345 1033 1409 laudatissimum
1052 1347 1192 1430 scripto·

107 1478 176 1518 rem
192 1455 329 1517 ulterius
345 1476 502 1518 exornare
517 1457 650 1540 possint,
678 1457 824 1539 indicare
839 1454 899 1517 hac
916 1443 1192 1538 scriptionepro·

70 1626 77 1642 ,
98 1561 240 1647 politum
256 1559 309 1623 est.
353 1563 576 1645 suggeruntur
590 1564 661 1639 isia,
684 1582 766 1649 quae
783 1563 868 1636 dixi,
893 1561 933 1625 de
951 1560 1105 1623 Cornelio
1127 1565 1192 1624 Ne-

36 1693 93 1754 so7
106 1647 184 1755 pote
202 1669 286 1729 bene
306 1668 623 1754 merendi'praefidia
646 1671 684 1733 ab
708 1667 939 1732 instructissima
961 1665 1193 1751 rarissimisque

31 1796 34 1799 ·
60 1780 63 1785 ’
103 1797 144 1865 er
167 1776 253 1837 omni
281 1774 525 1860 disciplinarum
553 1790 674 1861 'genere
692 1776 911 1840 ,monumentis
932 1773 1054 1836 referta
1072 1774 1194 1836 biblio·

12 1959 14 1964 .
71 1911 74 1923 ,
102 1884 196 1971 th'eca
213 1881 492 1944 Serenisfimoram
507 1886 634 1946 Ducum
648 1866 952 1953 llruusvicensium,
975 1880 1123 1965 adquam
1138 1882 1194 1942 ad·
1213 1907 1217 1916 ¹

52 2025 56 2037 ι
102 1991 247 2052 miranda
273 1970 506 2051 clementisfimi
524 1989 625 2073 patris
642 1989 767 2072 patriae
788 1974 1005 2050 munificentia
1032 1988 1192 2083 quotidie,

18 2077 48 2158 ¹.
92 2091 230 2181 ltamque
254 2097 411 2168 liberum,
443 2096 600 2158 accessum
615 2094 823 2156 concivibus
840 2094 971 2176 magis,
991 2088 1196 2180 quamcxte-·

103 2203 171 2278 ris,
200 2203 369 2276 concedit,
399 2216 434 2264 ut
455 2202 530 2267 dum
555 2185 635 2276 sint,
666 2201 720 2285 qui
743 2216 829 2264 tanta
852 2200 1051 2285 indulgentia
1076 2204 1215 2288 optimi'

101 2306 268 2394 Principis
296 2309 343 2371 uti
374 2310 494 2383 velint,
539 2330 593 2372 res
622 2308 781 2397 litteraria
802 2308 947 2370 maximis
977 2309 1053 2371 inde
1078 2311 1193 2393 augeri

19 2426 22 2435 '
103 2431 199 2502 queat
216 2415 436 2477 incrementis.
550 2410 553 2414 ’

86 2638 92 2653 ,
185 2656 274 2716 Inter
298 2673 335 2715 ea
357 2676 454 2729 vero,
493 2667 574 2740 quae
596 2658 725 2725 futurus
750 2658 886 2742 Nepotis
911 2657 1018 2719 editor
1035 2677 1075 2718 ex
1091 2657 1194 2718 Guel-

45 2820 48 2827 ,
83 2757 304 2847 ‘''pherbytano
329 2761 482 2825 thesauro
506 2766 631 2829 auctori
664 2785 722 2826 suo
753 2765 870 2827 decora
895 2765 992 2848 possit
1019 2763 1193 2836 arcessere,

4 2950 9 2961 ι
104 2871 158 2932 vel
172 2868 280 2952 primo
294 2869 368 2931 loco
381 2872 518 2932 veniunt
534 2873 811 2950 commemoranda
836 2872 900 2933 duo
924 2869 1195 2934 excellentissimi

103 2975 248 3040 historici
264 2977 468 3062 fragmenta,
490 3001 571 3066 quae
596 2980 701 3041 codici
726 2982 856 3065 antiquo
883 2979 1051 3043 Ciceronis
1070 2975 1195 3038 oratio-

104 3106 181 3145 num
201 3085 456 3168 Philippicarum
476 3088 729 3173 praescripserat
756 3088 871 3162 homo,
916 3090 971 3172 qui
998 3078 1033 3146 a*
1045 3085 1196 3147 Cornelii

104 3191 241 3274 Nepotis
267 3190 454 3255 testimoniis
480 3195 573 3276 operi
597 3194 743 3268 Nulliano
771 3198 911 3279 petierat
941 3192 1195 3256 commendatio·

95 3313 190 3359 ‘nem
227 3300 316 3360 Haec
333 3320 371 3360 co
389 3298 551 3362 studiosius
569 3301 770 3389 excerpenda
794 3324 898 3384 eoque
914 3303 1068 3363 maturius
1084 3301 1118 3359 in
1132 3322 1196 3383 pu·
1232 3364 1235 3371 ,

104 3403 210 3465 blicos
227 3405 427 3468 eruditorum
438 3429 515 3469 usus
532 3408 728 3492 proferenda
748 3409 839 3482 duxi,
864 3433 927 3493 quo
945 3410 1052 3469 rarior
1073 3406 1116 3468 est
1132 3429 1195 3470 no·

105 3508 191 3573 stris
210 3514 411 3596 temporibus
435 3516 581 3589 fortuna,
621 3530 686 3578 tam
709 3517 849 3599 insignia
872 3530 1075 3577 monumenta
1099 3516 1196 3577 inve·

105 3617 237 3690 niendi,
278 3640 375 3701 quum
403 3620 615 3706 jampridem
640 3621 818 3707 philologi,
853 3625 1049 3707 perreptatis
1072 3623 1196 3705 pleris-

22 3773 24 3777 ,
108 3716 171 3810 que
188 3726 414 3806 bibliothecis,
442 3731 638 3816 excusfisque
654 3752 763 3793 earum
780 3733 914 3807 forulis,
946 3734 1094 3815 antiquae
1117 3751 1196 3792 eru-

108 3834 260 3907 ditionis,
292 3855 509 3920 quascumque
538 3839 691 3924 indagare
713 3854 906 3923 potuerunt,
948 3841 1102 3924 reliquias
1126 3859 1196 3900 ma-

77 3923 79 3939 *
107 3939 362 4024 gnasedulitate
384 3943 536 4006 collectas
560 3947 816 4030 publicaverunt.
865 3948 1060 4012 Judicabunt
1087 3961 1198 4008 autem

107 4046 172 4109 viri
189 4045 294 4122 docti„
324 4049 467 4132 majorne
482 4055 584 4135 gratia
600 4055 874 4140 Guelpherbytani
896 4055 1019 4117 codicis
1038 4051 1197 4136 scriptori

107 4151 263 4243 debeatur
289 4157 475 4242 Ciceronis,
506 4181 545 4222 an
569 4164 705 4255 Nepopis
733 4163 881 4236 nomine,
913 4183 1050 4249 quorum
1071 4161 1199 4243 utrius3
