2610 4650
387 62 402 90 X

169 155 496 224 ruacuuurs
532 128 1048 263 cunnrnunsuraua.
1090 168 1156 245 na,

10 416 17 429 .
67 370 130 434 dus
140 364 349 434 examinatur.
372 373 484 456 Longe
500 371 706 458 frequentius
717 389 823 438 tamen
833 375 896 439 hoc
904 377 1152 439 verbnmtrans·
1242 412 1246 423 ι

67 478 178 542 femur
192 477 303 552 adea,
324 499 461 562 quorum
477 481 680 562 magnitudo,
702 484 861 566 pretium,
888 480 1078 568 praestantia
1096 503 1151 546 ex-

19 614 22 623 ·
68 583 227 668 ploratur.
254 583 429 675 Utriusque
445 584 691 668 significationis
708 591 853 674 exempla
869 602 943 652 sunt
958 590 994 651 iu
1010 604 1150 674 promtu,

69 702 103 752 et
118 674 270 764 alterum,
292 712 374 774 quae
388 691 429 752 ad
442 691 582 755 nostram
606 695 715 758 locum
733 698 868 759 maxime
883 697 980 772 iacit,
1013 688 1065 758 ex‘
1077 696 1152 780 ipsu

67 800 197 897 Nepote
212 795 247 861 iu
262 784 417 861 vindiciis
431 800 599 884 prioribus
612 784 759 867 stabilivi.
791 805 974 865 Panderatior
988 800 1152 885 igiturest,¹

67 907 147 986 tinus
158 904 323 986 praestantia
336 905 374 984 est
386 906 571 987 exploratior,
595 909 716 993 quique
731 924 907 996 propterca
922 907 1093 990 jucundior
1108 905 1152 971 cst

67 1025 103 1082 st
127 1011 262 1098 gratior.
306 1013 548 1099 Comparatiros
576 1015 700 1079 similes
728 1017 864 1100 (quales
886 1027 959 1078 sunt
979 1015 1151 1094 explicatior,
1233 1075 1236 1085 ,

68 1117 215 1192 libratior,
235 1118 388 1200 perditior,
409 1125 590 1202 praveuior,
604 1121 754 1201 reiniffior,
777 1123 908 1201 (edacior,
923 1121 1014 1211 oet.)
1034 1138 1152 1204 magno
1179 1148 1185 1161 ¹
1251 1106 1256 1110 ⁴

55 1238 209 1316 *numeret
214 1224 417 1310 collegerunt
426 1228 644 1309 Grammatioi,
662 1245 696 1295 et
712 1227 951 1314 diligentiffime
964 1227 1152 1295 Guutherus
1220 1225 1221 1229 ’
1283 1264 1287 1276 =

68 1333 201 1398 Latinit.
221 1330 320 1396 redit.
343 1335 476 1418 partll.
501 1354 571 1419 cap.
585 1334 635 1398 ui).
657 1336 745 1411 Nihil
756 1347 864 1399 tamen
881 1357 899 1396 a
915 1333 1073 1398 vocabulo
1083 1344 1151 1415 pon*-

68 1441 194 1501 deratior
211 1439 348 1526 propius
366 1439 468 1516 abeli,
499 1463 593 1526 quam
612 1443 848 1530 comparativus
869 1439 994 1523 pnqior,
1016 1459 1081 1525 quo
1095 1460 1152 1503 vc·
1170 1426 1227 1491 ¹⁶5

68 1559 160 1609 teres
176 1545 228 1608 usi
244 1559 318 1608 sunt
330 1569 392 1631 pro
407 1549 519 1624 melior,
540 1550 737 1632 praestantior,
759 1554 906 1632 acceptior,
923 1553 1033 1613 carior.»
1054 1547 1151 1615 Plau·

67 1668 122 1723 tus
138 1652 241 1721 stieh.
253 1644 277 1714 l,
300 1673 333 1716 a.
349 1655 399 1716 61.
421 1664 478 1739 Age
492 1675 524 1740 pa
537 1642 626 1716 altera
639 1676 705 1716 utra
718 1661 756 1716 sit
772 1656 888 1716 conditio
904 1654 1058 1739 pensior,
1085 1637 1153 1716 Vir·
1222 1668 1225 1674 ’

62 1766 190 1845 ginarme
203 1780 238 1819 an
250 1762 361 1822 viduam
375 1763 491 1824 habere?
514 1760 639 1825 Gellius
659 1759 716 1823 lib.
734 1764 804 1825 ΧΗ.
826 1741 896 1846 cip.
913 1761 949 1827 5„
968 1763 1093 1834 Natura,
1108 1764 1153 1820 in·

21 1946 35 1961 N
66 1874 152 1952 qnia,
174 1873 291 1930 amatium
304 1886 413 1943 renim,
442 1889 509 1951 quae
526 1890 573 1930 nos
592 1875 706 1952 gniuit,
737 1872 835 1931 induit*
849 1869 924 1929 nobis
943 1856 1104 1950 inolevitque
1124 1868 1155 1926 in

10 1993 12 1999 ’
66 1977 234 2060 ipfisstarim
251 1979 417 2058 principiis,
439 1974 536 2056 quibus
555 1981 615 2035 irati
623 1976 737 2056 flainus,
760 1997 876 2036 amorem
900 1976 984 2056 riqlri
1003 1995 1029 2034 et
1051 1980 1154 2035 rarita-

67 2105 142 2149 tem:
163 2089 203 2145 ita
214 2081 346 2164 protfin,
364 2102 397 2142 rt
413 2081 482 2142 nito
495 2083 642 2162 quidquam
662 2081 831 2161 effitrarias,
846 2081 1045 2166 pensiusque
1066 2081 1152 2155 randis,
1259 2116 1262 2123 ·

67 2209 265 2282 quamnonqet
279 2192 342 2270 ipsi.
371 2187 477 2283 Quum
490 2208 571 2251 vero
590 2189 706 2271 peredere
723 2187 939 2270 sitpondernre,
962 2185 1152 2267 perifioraau-
1216 2187 1219 2191 ’

35 2335 38 2340 ·
65 2314 136 2363 tens
149 2296 271 2383 priscis
291 2295 449 2370 dicantur,
473 2316 555 2378 quae
577 2294 772 2374 praestamina
787 2309 821 2358 et
835 2298 942 2359 cariora
964 2307 1052 2355 suut:
1074 2313 1153 2378 pro·

26 2427 148 2480 &num
169 2402 212 2466 eli
233 2402 406 2484 colligere,
435 2399 624 2484 argumento
649 2402 742 2464 valde
761 2402 890 2463 lubrico
903 2390 991 2475 niti,
1028 2402 1056 2463 si
1078 2402 1174 2486 quis

56 2513 250 2594 ¹fragmenta
264 2507 408 2570 Cornelii
422 2507 559 2590 Nepotis
574 2528 613 2570 eo
629 2510 759 2570 nomine
777 2508 946 2570 subditioia
968 2523 1001 2569 et
1021 2523 1153 2570 auctore
1171 2560 1175 2571 ,
1207 2489 1210 2498 ⁴

67 2617 282 2700 suotindigna
295 2615 504 2699 pronuntiet,
528 2614 615 2696 quod
638 2615 703 2689 ibi,
727 2610 807 2699 quae
822 2615 952 2696 majoris
973 2615 1072 2691 fiunt,
1096 2638 1152 2680 eo·

69 2722 148 2811 que*
157 2723 348 2805 jucundiora
366 2733 399 2782 et
416 2721 558 2803 gratiora
573 2735 666 2795 sunt,
682 2723 876 2802 ponderatinra
891 2721 1065 2785 dicuutur,

149 2859 375 2943 Ostenderam,
407 2869 522 2928 Latinas
548 2867 657 2928 litteras
687 2891 704 2929 a
729 2875 856 2952 Nepote
877 2885 1073 2955 comparatas
1088 2873 1152 2934 elle

68 2981 249 3054 Graeciae,
273 2977 371 3040 simili
386 2974 482 3037 modo
497 3021 504 3050 ,
528 2999 591 3060 quo
608 2978 724 3040 Cicero
739 2977 906 3058 disciplinam
920 2978 1049 3038 Graeciae
1065 2999 1152 3040 com-

62 3085 329 3178 paravit‘omuibus
341 3082 476 3166 gentibus.
520 3083 593 3177 Quo
609 3081 726 3145 clarius
745 3099 913 3168 appareat,
936 3085 1017 3147 hano
1031 3088 1152 3148 oratio·

66 3197 121 3258 nis
139 3197 351 3258 variationem
374 3189 505 3275 optimis
526 3189 709 3251 auctoribus
729 3192 877 3254 usitatam
890 3193 1009 3268 suillo,
1033 3195 1068 3253 in
1084 3215 1152 3255 me·

66 3300 159 3364 dium
178 3301 260 3364 dabo
283 3300 428 3381 ejusdem
441 3296 540 3358 Tullii
559 3274 704 3359 locume
722 3298 809 3361 libro
828 3303 853 3362 Ι.
877 3299 919 3361 de
940 3298 1028 3361 osiic.
1051 3319 1080 3361 o.
1101 3319 1151 3361 aa.

66 3408 146 3470 Lien
160 3409 251 3467 eadem
272 3407 306 3467 de
329 3404 463 3486 Panfiinia
476 3403 668 3485 Lysandroque
690 3406 796 3466 dicere:
819 3403 945 3487 ‘qaorum
970 3405 1051 3466 redas
1072 3407 1153 3489 geflis

65 3533 226 3596 quamquam
240 3517 381 3594 imperium
401 3511 616 3572 Lacedaemoniis
632 3513 726 3571 datum
740 3531 878 3593 putatur,
902 3533 989 3572 tamen
1000 3533 1033 3572 ne
1043 3516 1154 3571 minima

63 3621 176 3702 quidem
199 3640 234 3678 ex
259 3616 342 3699 'parre
367 3620 506 3702 Lycurgi
533 3619 660 3702 legibus
689 3633 722 3682 et
750 3619 943 3704 disciplinae
959 3617 1152 3699 conferendi

31 3734 34 3738 ’
65 3742 152 3791 sunt.
196 3725 321 3790 Similia
351 3726 399 3788 ibi
419 3726 592 3811 adscripsit
618 3741 773 3810 patruus,
812 3729 912 3809 cujus
929 3727 1152 3790 adnotationes

61 3828 319 3920 postumas‘mca
342 3832 565 3919 qualicumque
588 3853 665 3895 cura
682 3836 863 3898 ornatiores
880 3834 965 3897 haud
985 3835 1031 3897 ita
1052 3835 1153 3896 multo
1230 3881 1232 3885 -

62 3935 136 4025 post
153 3939 339 4023 prodituros
357 3943 432 4015 elle,
456 3938 595 4003 confido.
635 3941 720 4002 Dum
737 3942 818 4004 haec
837 3942 957 4017 scribo,
981 3941 1147 4004 commode
1165 3931 1222 4001 liti

60 4045 144 4110 niti
161 4047 198 4111 iu
210 4045 399 4112 memoriam
413 4045 500 4112 redit
513 4049 568 4116 illa
586 4048 784 4135 comparatio
800 4049 900 4113 Plinii
913 4050 969 4112 lib.
986 4052 1010 4112 1.
1027 4069 1080 4138 cp.
1098 4048 1145 4116 16.
