2610 4650
144 305 205 382 aas
308 320 320 345 ι·
423 286 945 368 Annonuotet'eours

144 543 282 586 A.tJ.c.
751 501 754 504 ἢ
1019 478 1024 489 ‘

145 674 278 712 tsxsvrn.
347 662 349 667 ’
399 655 538 728 Quaestor
554 652 659 726 obtigit
678 655 711 706 P.
729 648 862 723 Scipioni
882 643 1024 704 Afiicano
1043 650 1170 717 maiori,
1187 651 1213 704 in

349 725 448 778 Africa
464 727 656 794 proconsuli,
684 739 700 774 a
716 739 774 792 quo
791 729 934 792 perpetuo
952 719 1082 773 ‹lilleusit
1093 738 1110 789 ιΙ
1127 729 1156 772 et
1171 737 1213 772 au·

349 796 548 864 gtir‚·anuos
570 803 653 844 natus
675 792 807 844 xxrtll.
860 791 891 841 P.
919 789 1059 841 Cornelio
1083 784 1214 859 Scipione
1260 842 1262 858 Ι

264 903 269 913 .
349 859 907 923 Africano‚‘⁴P..I.icini0Crallocoss.
943 855 1043 908 Livius
1060 856 1173 925 tibere
1190 862 1215 907 et
1247 874 1262 921 ,;

192 984 195 996 ,
261 943 264 949 ’
350 931 440 983 Corn.
455 929 552 996 Nepos
571 931 613 985 [c.
631 948 654 990 ι,
672 929 717 986 3.]
754 929 794 979 Μ.
813 924 925 977 Tullius
945 940 1017 975 vero
1038 924 1067 975 in
1087 925 1176 976 Bruto
1190 929 1216 976 et

316 1016 320 1033 t
351 1000 463 1051 Catone
483 1009 558 1045 atino
577 994 745 1067 insequente
761 1011 865 1046 raxcrx.
887 991 1013 1064 Cethego
1032 1001 1060 1043 et
1076 987 1214 1044 Tuditano
1257 1044 1262 1063 1

350 1082 425 1117 coss.
462 1062 553 1183 Qu]
571 1064 666 1115 locum
684 1061 757 1116 And.
774 1061 917 1114 Patricius
941 1059 971 1111 in
993 1060 1031 1112 11.
1049 1059 1105 1112 lib.
1125 1059 1212 1112 Cicer.

350 1130 387 1185 de
404 1147 476 1202 repu
501 1131 518 1183 l.
535 1130 576 1182 'sic
593 1129 801 1183 concinnabat:
841 1128 912 1182 Cum
935 1146 968 1180 eo
985 1127 1119 1192 (Fabio)
1137 1142 1215 1200 qnar-

348 1206 413 1253 tum
433 1217 504 1254 cass·
529 1197 768 1255 adolescentulus
793 1194 881 1252 miles
906 1195 947 1249 ad
970 1200 1106 1268 Capuam
1127 1192 1214 1268 prose·

349 1274 506 1328 otacrum,
526 1268 700 1338 quidctoque
717 1284 799 1319 anno
814 1263 931 1336 posted
943 1263 1121 1318 Tarentum.
1146 1261 1214 1317 Tum

267 1394 269 1398 ,
350 1343 511 1408 quaestor:
536 1354 621 1407 quem
639 1336 855 1408 magistratum
871 1331 954 1405 gessi
970 1350 1044 1388 coss.
1067 1330 1214 1387 Tuditano

350 1412 380 1460 et
397 1404 536 1475 Cethego.
573 1402 693 1458 Deinde
711 1401 836 1458 aedilis·
866 1399 1065 1472 quadriennio
1088 1404 1156 1472 post
1169 1399 1215 1471 sa·

350 1480 415 1527 etus
428 1491 495 1526 sum
512 1479 649 1543 praetor,
677 1471 811 1543 eumsqui
835 1467 966 1530 emilie,
992 1468 1158 1542 admodum
1177 1483 1215 1522 se·

347 1559 425 1605 nese,
457 1559 563 1594 suasor
579 1539 658 1614 legis
680 1543 800 1595 Cinciae
823 1537 860 1592 de
886 1534 973 1592 donis
997 1543 1027 1590 et
1047 1532 1216 1592 muneribus

293 1651 318 1679 ‚¹
339 1609 414 1682 fuit.
442 1609 483 1661 Ex
497 1609 641 1662 Cicerone
654 1608 707 1664 inf.
724 1609 774 1660 ubi
792 1606 827 1658 (le
843 1605 1044 1683 sodalitatibus
1057 1617 1087 1658 ct
1104 1619 1217 1678 magnae

347 1674 447 1730 matris
462 1673 547 1728 eleum
563 1676 671 1740 sacris,
695 1687 723 1730 et
738 1678 767 1728 in
785 1677 888 1728 Bruto.
923 1675 1017 1728 Aliter
1030 1673 1178 1728 Corradus
1193 1678 1218 1725 et

347 1745 521 1810 Lambinus:
542 1762 667 1816 quorum
682 1745 728 1798 bic
738 1776 747 1811 ,
765 1752 917 1796 connnent.
934 1744 963 1792 in
984 1741 1137 1793 Aemilium
1153 1742 1218 1792 Pro·

245 1822 253 1837 ’
347 1812 433 1876 bum,
454 1811 500 1864 bis
516 1813 695 1884 quaestorem
708 1813 787 1865 facit.
816 1809 974 1869 [Lambini
985 1807 1147 1865 lectionem
1156 1824 1217 1882 pro·

348 1879 441 1937 babet
456 1879 548 1934 etiam
566 1881 719 1954 Langius:
737 1889 917 1953 estrangunt
933 1886 1032 1932 autem
1051 1876 1109 1933 illa
1123 1876 1161 1932 de
1174 1892 1217 1930 ae·

273 1948 281 1956 '
347 1947 467 2003 diiitate
480 1958 507 2002 et
521 1954 678 2014 praetura,
699 1948 776 2021 quod
795 1950 904 2012 etiam,
924 1945 976 2003 sed
1016 1944 1101 2001 anilo
1121 1945 1216 2009 aliter,

339 2016 421 2089 facit
435 2015 567 2089 Pighius
582 2016 622 2070 ad
637 2035 688 2070 an.
713 2017 745 2071 U.
766 2020 795 2070 C.
817 2032 921 2070 raxtrr.
949 2015 981 2074 Vi
1005 2022 1098 2070 enat.
1118 2015 1217 2073 Grute-

346 2086 453 2139 rianas·
468 2085 509 2141 ad
524 2087 614 2140 Cicer.
628 2084 648 2138 i.
661 2105 685 2140 c.
702 2087 839 2142 Rosius-l
874 2087 938 2138 Non
957 2102 1076 2155 sequor.
1104 2082 1217 2159 [Quae-

349 2161 464 2208 sturam
482 2161 585 2208 tannen
603 2172 684 2208 (anno
703 2161 841 2224 sequente
857 2151 978 2208 ‹lemum
997 2150 1129 2224 gessisse
1135 2186 1145 2221 7
1179 2168 1218 2207 ue·
1238 2183 1242 2187 ·

348 2240 415 2277 rum
432 2231 490 2289 est,
508 2241 565 2295 qua
583 2223 620 2278 de
636 2219 816 2279 redicimus
831 2221 872 2276 ad
890 2228 937 2288 24,
959 2241 981 2276 1.
1001 2230 1028 2278 a.
1045 2221 1180 2280 Hosius-l

402 2437 603 2516 Quadriennio
618 2437 681 2508 post
698 2433 800 2492 aedilis
818 2435 914 2511 plebis
932 2437 1023 2489 factus
1040 2453 1106 2489 cum
1121 2435 1154 2491 C.
1169 2433 1218 2488 Aa·

345 2504 403 2572 lio,
429 2507 478 2577 qni
498 2506 545 2558 bic
564 2507 596 2560 C.
615 2507 737 2562 Helvius
758 2507 939 2577 appellatur,
966 2516 994 2557 ct
1018 2523 1034 2557 a
1059 2505 1148 2557 Livio
1167 2503 1216 2556 lib.

346 2576 389 2646 ile.
413 2575 536 2637 [etta]
583 2575 655 2630 Cato
679 2575 708 2627 in
735 2574 886 2629 Ciceronis
910 2573 1028 2645 dialogo
1055 2570 1092 2625 de
1111 2579 1218 2626 senect.

281 2639 283 2645 ’
345 2653 377 2696 ut
395 2639 512 2713 quidem
529 2643 619 2714 vulgo
637 2643 875 2715 interpungitur.'
894 2643 1007 2714 Agebat
1025 2651 1088 2694 tum
1105 2640 1219 2695 fortatte

347 2727 453 2763 annum
470 2711 571 2764 aetatis
589 2712 769 2767 tricesimum
786 2712 941 2786 primurn.¹

671 2858 674 2862 ,
695 2831 704 2857 b

390 2924 516 2980 Praetor
540 2924 734 2998 quadriennio
752 2925 829 2999 post.
853 2926 1017 2982 Sardiniam
1034 2925 1219 3000 provinciam

348 2994 485 3048 obtinuit.
527 2999 563 3073 Q.
588 2996 712 3048 Ennium
734 3000 850 3068 politam
869 2994 935 3047 inde
953 2994 1084 3048 deduxit.
1119 2994 1239 3048 Livius.

345 3065 389 3119 31.
410 3074 438 3116 et
457 3064 501 3118 32.
525 3065 620 3117 annal.
639 3063 676 3117 ab
695 3065 728 3118 U.
749 3066 781 3118 C.
803 3065 908 3118 Cicero
926 3065 956 3116 in
973 3064 1035 3117 Cat.
1060 3070 1118 3122 [ex
1137 3061 1232 3136 vulg?

344 3126 490 3192 lectione]
517 3143 546 3185 et
562 3131 708 3189 Plutarch.
725 3135 759 3185 'et
775 3134 872 3204 Nepos
890 3138 973 3203 [cap.
990 3151 1014 3199 r,
1030 3134 1078 3192 3.]
1116 3132 1218 3215 Aque

343 3200 441 3272 postea
458 3201 488 3252 in
506 3201 645 3264 Graecis,
664 3200 733 3254 lieet
747 3218 851 3263 senet,
871 3200 908 3252 eli
925 3200 1077 3255 institutus.
1107 3200 1218 3254 Plinius

345 3267 398 3323 lib.
418 3286 444 3335 7.
477 3285 540 3340 cap.
564 3269 608 3323 30.
643 3268 743 3340 Valer.
767 3267 909 3323 Maximus
927 3268 982 3322 lib.
996 3268 1024 3323 8.
1058 3287 1123 3343 cap.
1143 3286 1172 3338 7.
1190 3276 1217 3323 et

250 3376 255 3385 .
345 3337 521 3392 D.Hieron.
539 3337 619 3410 epist.
638 3333 675 3390 ad
686 3337 843 3410 Nepotian.
1257 3366 1260 3373 ,

41 3563 52 3584 ‘
137 3573 254 3611 'taretin
395 3553 500 3609 Conlul
522 3571 585 3607 cum
603 3556 635 3609 1..
655 3554 776 3610 Valerio
795 3555 920 3622 Flacco,
944 3574 1003 3628 quo
1020 3562 1141 3608 auctore
1160 3555 1216 3611 Ro·

345 3640 419 3686 marn
444 3640 459 3675 e
486 3623 602 3676 Sabinis
629 3625 879 3696 commigraverat.
917 3625 949 3678 ln
976 3625 1031 3677 hoc
1051 3623 1217 3696 magistratu

343 3701 433 3745 totam
452 3691 621 3745 citeriorem
638 3692 824 3764 Hispanimm-
844 3711 917 3764 qnae
937 3693 1150 3755 rebellaverat,
1169 3710 1218 3766 pa·

345 3761 437 3821 cavit,
472 3758 551 3811 bello
576 3761 612 3814 ab
635 3762 783 3832 Emporiis
814 3762 967 3816 inchoato:
1002 3759 1157 3825 adjuvante
1186 3764 1217 3814 Ρ.

344 3826 455 3882 Manlio
482 3839 630 3898 praetore.
667 3828 831 3900 (Vegetins
855 3831 907 3885 lib.
927 3849 951 3883 a.
980 3849 1044 3901 cap.
1062 3833 1088 3885 3.
1117 3828 1216 3884 etlih.

347 3914 371 3952 t.
400 3913 464 3966 cap.
477 3901 525 3977 8.)
561 3898 615 3948 llic
639 3896 699 3963 eins
725 3901 892 3955 abstinentia
918 3902 1022 3963 eluxit,
1051 3910 1079 3952 et
1096 3900 1217 3973 frugali·

344 3972 397 4018 tas.
425 3966 555 4028 (Plinius
574 3976 602 4017 et
620 3965 810 4037 Appuleius.)
845 3968 988 4038 Muttonis
1007 3969 1115 4021 cultum
1134 3985 1218 4037 repe·

344 4032 489 4098 tentibus,
518 4034 612 4104 Oppia
634 4034 697 4106 lege
721 4037 883 4093 ademtam.
917 4036 1029 4088 restitit.
1064 4038 1141 4109 Lege
1174 4036 1220 4090 Li·

345 4102 484 4156 vinnai.
519 4104 665 4171 Plutarch.
685 4106 836 4162 Valerium
858 4106 953 4172 tino.
983 4122 1044 4177 rap.
1065 4124 1087 4157 ι.
1116 4116 1145 4160 et
1166 4105 1219 4159 Ne·

303 4226 308 4233 .
343 4177 506 4241 potentie.
529 4189 553 4225 a.
577 4179 623 4233 t.]
