2610 4650
280 267 494 350 annau
529 289 604 350 aa
640 287 1000 354 vannorum
1121 248 1214 351 ses

127 398 130 403 .
659 404 662 409 .

121 493 185 571 leg.
206 513 240 550 eo
258 492 340 560 loeo,
365 517 427 553 nan
448 495 618 554 divertiffet.
688 500 783 556 tionis
806 495 957 572 ¹quiddam
981 517 1018 554 aa
1043 499 1193 558 dirarum'

118 565 170 623 ita
193 579 322 634 namque
341 562 479 639 loquutus
498 572 618 633 ueteres,

120 631 211 688 docet
224 634 399 705 Duasquius
413 637 446 689 in
457 635 630 707 ermagora.

120 699 211 774 pitia:
227 701 375 773 quausodo
391 710 419 758 et
434 703 492 758 Cic.
511 705 552 761 ad
568 704 617 759 Ar.

122 768 177 825 tic.
195 768 221 834 3,
257 806 265 822 .
283 770 366 826 dixit
373 805 382 837 ,
400 771 514 824 itineris
533 780 619 827 a'uusa

122 836 296 907 devertere,
316 847 345 895 et
362 838 549 915 inPhilipp.
569 840 628 894 dea

120 913 241 960 vertero
275 908 443 964 Massiliam.
485 911 619 984 Reponit

689 569 830 625 habuisse
843 569 903 622 ista
914 567 1049 623 exclusio
1063 566 1186 642 relega.

688 640 788 713 tioque
805 634 951 691 videatur.
965 637 1098 694 Boecler.

652 736 770 802 devotio
784 745 814 799 in
830 744 901 816 pilis
918 734 1046 818 soript'o,
1065 743 1104 800 de
1121 741 1181 801 eloe

684 832 740 943 ξω
751 816 811 938 sige
817 812 927 939 5indite
939 813 1107 870 deuotionis
1114 831 1143 880 7,
1152 815 1181 880 4,

706 903 756 939 .c.
793 920 802 949 ,
837 920 844 937 .

122 971 206 1028 hanc
223 986 321 1031 torem
339 976 507 1033 Lambinus
523 982 618 1035 etiam
652 983 722 1038 deus
746 982 926 1059 Delphicus,
956 1000 1020 1066 pro.
1040 977 1182 1054 Apolline

124 1045 168 1108 ιθ,
194 1057 220 1108 2,
243 1045 270 1098 5.
296 1044 349 1100 secl
372 1047 438 1103 sine
463 1065 565 1103 causa.
581 1054 614 1103 ’2.

121 1116 187 1179 not·
203 1111 245 1168 ud
260 1132 327 1168 eum
343 1110 400 1168 loc.
416 1122 420 1137 ³

85 1227 176 1284 devie
197 1227 318 1299 itinera,
338 1230 454 1288 occulta
472 1240 502 1289 et
517 1235 627 1310 insue-⁸

123 1305 159 1351 ta
173 1298 214 1362 18,
229 1299 256 1365 3,
272 1300 299 1354 5.

84 1403 332 1463 devincerebello
344 1419 434 1464 totam
442 1412 563 1467 insulem
574 1426 616 1480 12,

122 1489 151 1540 2,
163 1493 189 1530 2.
208 1477 364 1551 [maiorem
375 1490 488 1553 portem
505 1481 616 1536 insulsa

120 1544 151 1610 5,
165 1546 192 1608 3,
208 1546 235 1612 4.
252 1547 354 1600 Persas
376 1549 417 1615 18,
435 1548 464 1614 8,
483 1556 529 1610 2.]
548 1549 614 1604 dev.

121 1612 280 1689 exercitum
290 1615 420 1681 hostium,
427 1610 548 1689 penitus
555 1621 615 1673 vin·

121 1699 204 1745 cere,
228 1683 269 1736 ad
291 1684 528 1742 internecionem
550 1705 615 1743 cae·

119 1747 211 1814 dere,
227 1758 259 1804 ut
271 1751 312 1806 ad
321 1755 540 1828 resurgendum
550 1753 616 1809 nul-

89 1837 92 1841 *
117 1815 173 1873 lae
189 1819 265 1874 uires
287 1830 407 1877 restent.
430 1824 524 1877 Gebh.
548 1837 571 1887 1,
589 1844 615 1889 a,

119 1902 148 1940 2·
167 1889 211 1943 sie
230 1887 362 1957 devictae
385 1892 490 1947 Athen.
511 1892 615 1962 copiae

117 1971 150 2025 9,
173 1970 197 2021 t,
213 1970 239 2010 2.
264 1959 323 2022 tm,
342 1973 366 2026 1,
387 1960 433 2019 3.]
453 1959 560 2016 devicti
576 1960 615 2015 A·

118 2025 262 2087 thuniens.
279 2045 306 2097 9,
325 2042 351 2093 2,
370 2047 394 2082 a.
415 2035 447 2081 ut
465 2048 512 2100 ap.
536 2035 615 2086 Cart.

70 2099 76 2114 ¹
117 2110 147 2162 9,
167 2092 199 2156 a,
218 2096 260 2151 23.
285 2098 400 2151 Persas.
421 2094 554 2154 [devicta
574 2098 616 2151 ost

92 2205 95 2211 .
118 2160 212 2214 claffis
229 2177 255 2230 2,
274 2165 301 2231 5,
313 2165 342 2221 ³.
363 2169 389 2230 5,
407 2179 432 2232 1,
445 2181 471 2220 2.
505 2169 612 2230 ,5,1.]

116 2226 277 2311 devincere
306 2233 444 2287 virtutem
472 2185 612 2302 elioldus,

116 2298 345 2369 segnrfieanter,
365 2300 551 2374 deprimere,
569 2305 613 2360 in·

116 2362 225 2422 utitem
239 2367 379 2438 reddere,
398 2370 434 2427 de
447 2372 613 2429 obtrectan-

118 2434 201 2489 tibus
212 2438 258 2503 23,
274 2457 297 2505 ι,
313 2457 337 2493 a.

81 2540 236 2598 devincies
251 2547 306 2600 sibi
321 2548 447 2622 aliquem
461 2564 612 2607 consuetu.

116 2611 186 2665 dine
205 2632 274 2680 sua,
296 2613 469 2674 benevolum
489 2616 615 2679 reddere'

117 2683 163 2748 25,
185 2700 209 2752 1,
227 2687 253 2750 4.
277 2685 342 2739 dev.
366 2688 454 2759 aliqu.
481 2691 612 2745 liberali-

116 2758 196 2815 tate,
217 2772 289 2809 mor
306 2771 388 2808 suum
402 2755 545 2825 reddere,
565 2779 622 2816 vav

116 2814 247 2878 lentiore
262 2822 442 2896 signeficatu
455 2845 482 2896 7,
499 2829 526 2894 3,
541 2832 568 2897 4.

82 2942 231 3002 devocare
244 2922 304 3014 est,
323 2969 429 3009 uocare
443 2952 557 3026 defore
573 2955 614 3011 ad

116 3032 245 3071 coenam
262 3020 290 3083 5,
307 3024 334 3086 4,
353 3020 379 3074 3.
407 3024 481 3076 Usus
497 3042 531 3088 eo
549 3044 611 3080 uer·

114 3084 170 3147 bo,
189 3096 310 3156 praeter
330 3089 390 3144 cte.
415 3098 443 3146 et
461 3093 568 3147 Horat.
593 3111 613 3148 a

684 1055 712 1175 4,
728 1052 760 1118 53
773 1055 799 1107 5.
817 1050 870 1106 ubi
887 1057 991 1121 tamen
1007 1070 1041 1106 tn
1066 1057 1126 1133 opt.
1143 1046 1181 1104 li·

707 1122 750 1176 ris
765 1117 877 1175 vandei
890 1118 1005 1175 aberat.
1020 1118 1083 1179 [des
1093 1134 1146 1191 sup
1170 1129 1204 1163 ··

685 1189 732 1243 lex
743 1192 771 1257 4,
786 1193 814 1255 4,
828 1189 866 1248 5.]
885 1186 926 1241 dii
935 1187 1060 1262 publioi,
1078 1186 1180 1261 patui,
1247 1256 1250 1260 Ι

684 1268 805 1331 penates
819 1271 845 1321 2,
857 1274 884 1321 7,
895 1259 921 1322 4.
942 1255 1181 1331 conjunguntur,

633 1335 636 1344 '
685 1332 720 1379 ut
734 1324 848 1398 publici
873 1332 977 1380 notent
999 1323 1188 1399 religionem
1223 1338 1225 1343 ’

686 1402 716 1450 et
731 1412 820 1451 sacru
837 1393 991 1449 universe:
1019 1401 1062 1458 et,
1089 1404 1190 1465 quon„

684 1463 750 1518 iam
764 1478 957 1536 unaquaeque
969 1463 1074 1517 ciuitas
1083 1468 1180 1518 certos

687 1550 723 1586 ac
744 1531 835 1587 ueluti
848 1532 983 1603 proprios
998 1529 1069 1585 deos
1086 1528 1178 1585 habe-

687 1600 750 1665 bat,
772 1598 1042 1671 addunturpetriis
1059 1608 1185 1671 penates

687 1676 788 1736 autem
807 1688 862 1726 sua
880 1665 1022 1740 cujusque
1035 1664 1178 1745 domesti·
1260 1686 1264 1701 ¹

686 1754 721 1791 aa
738 1755 825 1792 sacra
840 1742 957 1790 notant.
979 1736 1116 1805 Mayoris
1127 1752 1179 1790 ea·

685 1807 850 1872 pressionis
865 1821 957 1859 eausa
973 1802 1007 1858 id
1022 1803 1177 1866 innuitur,

685 1873 764 1947 quod
774 1873 853 1928 alias
864 1891 932 1927 uoce
940 1871 1107 1943 divinorum
1125 1890 1177 1925 no.

684 1948 768 1997 tatur
781 1942 814 1996 in
823 1937 964 2013 formula
981 1941 1085 2004 ueteri,
1103 1936 1176 1993 divi-

682 2026 720 2063 na
750 2010 931 2082 humanaque
963 2007 1178 2065 omnia:.item

682 2097 736 2151 per
755 2096 837 2150 aras3
857 2087 889 2132 ut
903 2079 936 2132 in
959 2074 1036 2145 illa,
1054 2092 1119 2132 uras
1133 2074 1177 2130 fo-

683 2164 804 2219 cosque.
833 2148 925 2202 Mens
951 2142 1025 2205 loci:
1051 2142 1176 2220 religio·

682 2222 763 2280 nem,
780 2212 1015 2293 sacru,·templa
1025 2251 1033 2281 ,
1044 2232 1176 2269 eommu-

657 2294 661 2301 '
682 2286 717 2340 ni
730 2284 968 2359 gentium‘jure,
982 2301 1049 2339 cum
1071 2283 1178 2339 ceteris

680 2350 857 2427 praesidiis,
877 2364 908 2407 tu
957 2350 1114 2408 moenibus
1128 2350 1176 2407 de·

674 2421 902 2499 fendiposseac
930 2420 1176 2477 ebereavomine.

657 2541 666 2561 ,
683 2502 733 2548 tur
749 2489 826 2565 quod
840 2498 884 2545 est
896 2491 1104 2563 potissimum,
1122 2506 1177 2545 neo

682 2558 902 2622 excluduntur,
913 2576 988 2631 quae
998 2556 1038 2612 ad
1053 2557 1177 2612 humana

682 2636 711 2684 et
728 2628 811 2683 focos
827 2628 988 2700 pertinent.
1009 2623 1111 2680 Boeal.
1127 2624 1176 2678 de·

684 2715 771 2767 orum
800 2712 907 2748 numen
933 2695 1003 2748 facit
1030 2711 1093 2761 cum
1120 2692 1174 2759 lis,

683 2765 732 2839 qui
748 2762 831 2817 iidem
850 2774 968 2817 servant
985 2775 1026 2830 17,
1046 2778 1072 2825 2,
1087 2763 1113 2815 5.
1136 2762 1175 2816 si-

680 2850 719 2888 ne
733 2830 854 2885 deorum
864 2833 982 2885 numine
991 2829 1065 2883 nihil
1076 2847 1177 2883 rerum
1205 2865 1207 2870 -

682 2900 870 2955 humanarum
896 2900 1009 2972 geritur
1036 2910 1078 2966 2ο,
1100 2902 1128 2963 4,
1147 2903 1175 2965 4.

682 2968 767 3038 [siue
784 2967 904 3021 deorum
922 2984 978 3039 ope
993 2968 1020 3030 6,
1038 2966 1065 3031 3,
1083 2976 1105 3019 1.
1125 2963 1173 3041 da·
1233 3028 1236 3033 Ι

683 3055 765 3091 orum
791 3036 934 3090 sententia
957 3038 984 3099 6,
1006 3035 1033 3099 3,
1055 3035 1081 3087 5.
1101 3042 1173 3087 tem·
1201 3067 1205 3073 ·

681 3106 730 3178 pta
751 3119 791 3174 17,
810 3106 837 3172 4,
854 3110 900 3172 7.]
920 3104 991 3157 deos
1012 3101 1069 3154 sibi
1083 3100 1174 3158 iratos

114 3154 226 3211 Lamb.
242 3154 401 3222 laudatos,
424 3162 609 3218 etiamPlin.
631 3160 633 3164 ’

111 3223 160 3290 34,
177 3224 205 3281 8.
222 3232 249 3279 et
267 3246 307 3281 ex
320 3228 439 3285 emend.
458 3229 611 3296 Granouii,

116 3288 170 3347 sed
184 3291 352 3352 alio'sensu
369 3299 413 3362 35,
429 3318 455 3367 7,
475 3299 608 3356 Malea,
647 3280 726 3336 denti
744 3282 840 3343 vieto,
859 3299 914 3356 pra
931 3280 1029 3346 abuti,
1048 3278 1174 3347 utvide·

110 3369 216 3418 mutat
231 3363 261 3418 1,,
279 3363 300 3419 l,
318 3367 428 3422 lamb,
449 3387 474 3424 υ,
490 3377 552 3426 ,0,
679 3358 746 3409 tur.
767 3351 807 3415 18,
824 3363 866 3415 11,
880 3352 907 3406 3.
918 3347 1006 3405 Male
1014 3358 1105 3404 antea
1116 3347 1175 3405 uul-

680 3171 807 3227 redduut
819 3172 935 3244 ,perjuri
951 3184 993 3239 17,
1010 3187 1037 3239 2,
1052 3170 1078 3226 5.

679 3421 765 3494 goti,
785 3437 816 3472 se
833 3429 976 3472 uteretur.
993 3437 1019 3472 ν.
1037 3425 1100 3472 not.

77 3491 230 3553 devovere
258 3473 402 3574 alisiuam,
427 3501 465 3559 de
491 3503 611 3577 publico
646 3503 747 3559 dexter
765 3504 866 3557 oculus
884 3503 937 3568 23,
955 3505 994 3569 4,·
1010 3503 1044 3571 3.
1073 3498 1176 3555 dextra

104 3562 286 3629 'devotionis
299 3575 359 3629 ritu
372 3593 400 3643 7,
416 3577 445 3641 4,
460 3574 486 3628 5.
502 3583 530 3628 et
543 3593 566 3627 c.
582 3576 609 3638 6,
680 3569 808 3645 [mantis
837 3578 878 3640 14,
916 3572 944 3635 3,
979 3591 1005 3625 2.
1045 3568 1176 3624 dextram

112 3634 142 3695 ll.
165 3639 214 3693 De
234 3640 322 3698 uerbo
337 3650 367 3698 et
379 3661 463 3698 more
478 3662 503 3696 ν.
524 3643 610 3698 Bris-
679 3659 696 3694 o
709 3657 777 3708 rega
789 3639 1049 3711 mitramaceipere.
1061 3637 1175 3704 fidem,

114 3722 183 3761 son.
198 3704 287 3770 form.
307 3726 331 3766 ι.·
356 3718 385 3766 et
401 3710 559 3767 Plutarch.
576 3712 610 3766 in

114 3774 214 3833 Aluit.
237 3779 271 3833 it.
289 3779 398 3836 Lamb.
420 3783 470 3852 qui
487 3781 612 3851 exponit

113 3843 259 3927 denique,
285 3867 357 3920 pro,
387 3867 461 3921 equa
490 3860 518 3903 et
549 3848 610 3921 igni

114 3916 305 3972 interdicere.
318 3916 433 3982 firmat
445 3919 558 3973 mentio
566 3917 610 3985 pi·

112 3980 610 4056 larum,quaeadlsibitaeinterin-

106 4047 610 4131 fumiaenotasetproscriptionis.

114 4121 180 4202 {leo
210 4120 351 4194 displicet
381 4127 610 4198 interpretatio3

113 4198 163 4248 sta
171 4197 295 4262 tamen,
309 4199 344 4248 ut
353 4196 479 4252 omnino
489 4210 611 4255 ensem·

680 3709 789 3766 deutra
802 3727 854 3780 per
866 3709 1088 3768 internuntium
1101 3707 1176 3762 data

682 3785 723 3847 14,
749 3795 791 3844 ιο,
814 3797 839 3833 2.
868 3797 892 3832 υ.
920 3777 1111 3862 βήεεοηίυῐη
1134 3773 1172 3830 de
1233 3812 1238 3821 .

679 3839 1174 3980 42211211.1,’;·.211

679 3984 745 4040 dota
760 3984 894 4053 recipere
912 3983 981 4054 aliq.
995 3982 1025 4035 in
1042 3980 1128 4035 fidem
1142 3994 1156 4035 2

678 4055 707 4113 8,
725 4059 750 4120 4.
771 4050 819 4105 De
835 4051 892 4106 doc
907 4068 993 4108 more
1007 4069 1032 4104 υ.
1048 4056 1110 4105 nat.
1120 4018 1172 4105 ,ad
1182 4056 1209 4097 Ιἰ

679 4130 839 4189 utrumque
852 4119 909 4174 loc.
935 4126 963 4176 et
982 4118 1115 4177 treinel.
1129 4114 1183 4179 οὗ.

662 4196 761 4254 ,θυτι
774 4194 803 4260 5,
822 4195 850 4256 u,
870 4193 912 4260 14.
