2610 4650
946 80 951 111 l
1048 117 1052 123 1

276 266 674 360 rutenensi,
727 290 924 371 ateva.
974 299 977 305 ·
1027 267 1030 271 ’
1089 289 1151 352 sss

68 415 1147 462 —d———m———n-——w-r--n—-Q———n-u-F-

481 743 595 821 eutr.
626 724 732 821 'vn

145 923 282 1024 Praeter
303 935 454 1021 physicos
478 937 747 1021 Homerumque,
790 937 846 1022 qui
875 938 1062 1001 universum
1095 959 1148 999 or·
1168 935 1200 1006 't'

61 1045 139 1110 bem
159 1046 241 1106 mari
262 1043 494 1121 circumfusum
516 1062 590 1104 esse
612 1041 779 1118 dixerunt,
824 1044 995 1118 Cornelius
1026 1040 1150 1128 Nepos,
1209 1098 1213 1103 ,

62 1165 99 1212 ut
119 1139 307 1256 recenpior,
350 1149 394 1211 ita
422 1131 613 1211 auctoritati}
641 1150 782 1227 certior;
824 1148 934 1211 tellam
958 1165 1069 1223 ,autem
1100 1152 1151 1214 rei

62 1257 106 1352 Q.
128 1256 297 1317 Metellum
319 1254 468 1337 Celerem
489 1253 616 1339 adjicit,
648 1241 797 1338 *eumque
826 1255 870 1316 ita
890 1258 1041 1318 retulisse
1064 1275 1151 1317 com·

62 1375 239 1455 memorat:
303 1360 409 1455 Quum
446 1360 581 1422 Galliae
596 1363 773 1444 proconsul
813 1377 1027 1446 praeesset„
1051 1361 1151 1424 Indos

96 1589 227 1647 Praeter
245 1584 407 1659 Pbysicos]
426 1582 592 1644 Hine'sum·
629 1611 684 1648 res.
706 1592 741 1648 cb
764 1586 860 1648 tradit
884 1594 984 1647 forsan
1008 1611 1024 1646 e
1047 1591 1153 1648 Plinio
1201 1602 1202 1605 ’

62 1660 101 1716 sit
120 1659 231 1714 Plinius
252 1659 318 1714 Lih'.
338 1677 362 1713 a.
383 1676 448 1731 esp.
465 1661 510 1728 07.
534 1661 592 1715 'Ne-
628 1661 683 1714 lme
708 1663 851 1716 intrusum
873 1664 919 1714 ell.
948 1660 1098 1734 quomodo
1124 1671 1154 1717 et

61 1746 134 1804 pos,
162 1727 274 1799 inquit,
303 1727 340 1783 de
363 1726 594 1798 septentrionali
627 1731 742 1799 plurale
759 1730 886 1785 tradunt
904 1730 981 1783 infra
1000 1749 1108 1784 comm.
1124 1748 1151 1799 7.

63 1795 193 1851 circuitu
209 1795 322 1861 tradit,
345 1795 381 1869 Q
397 1793 525 1853 Metello
543 1797 591 1852 Ce·
628 1802 779 1853 insertum.
800 1799 852 1860 Sicx
867 1808 962 1852 autem
980 1815 1068 1872 eopse
1084 1799 1161 1852 loeo·

63 1864 141 1932 leri,
169 1866 200 1920 C.
224 1863 347 1935 Afranii
368 1866 400 1919 in
429 1865 591 1920 Consulatu
627 1865 752 1940 Plinius:
774 1866 1155 1941 NeposCorneliusauctor

63 1930 220 2006 collegae,
240 1933 372 1990 sedtum
389 1930 591 2005 Galliucpro-
628 1943 689 1996 est,
718 1936 878 1991 Eridanum
915 1935 1065 2009 quendam
1096 1944 1161 1993 etc.
1240 1974 1251 1987 .

35 2008 41 2013 ”
63 1999 196 2064 consuli,
216 1999 415 2075 Indos'arege
427 1999 591 2057 Succorum
628 2003 696 2058 vide
704 2023 746 2058 vs.
762 2006 788 2060 3.
801 2005 921 2059 Rosius.
937 2010 947 2064 [
956 2006 1153 2077 Heusingerus

62 2065 258 2129 denodatos.
279 2073 343 2143 qui,
363 2089 402 2125 ex
414 2068 504 2124 india
516 2089 592 2124 eom·⁴
630 2072 727 2126 Vossii
753 2075 952 2134 coniecturam
971 2074 1002 2126 in
1016 2081 1154 2126 contextu

62 2140 173 2195 mercii
181 2144 288 2194 caussa
298 2140 499 2212 nauigantes,
520 2146 592 2194 tcm-
628 2142 772 2212 reposuit.
792 2139 921 2206 Tradit,
942 2138 1154 2214 quodsoliVla-
1211 2146 1213 2150 ’

62 2207 231 2283 pestatibus
243 2216 340 2264 essent
349 2211 381 2264 in'
395 2207 593 2262 Gemsaniam
629 2207 717 2262 diano
735 2208 875 2273 debetur,
895 2219 1013 2262 notante
1028 2207 1154 2261 Taschu·

63 2276 194 2348 abrepti.
219 2275 332 2332 Strabo
351 2294 424 2330 vero
446 2276 593 2330 Amasen·
630 2277 713 2341 elsio,
733 2277 788 2329 hoc
807 2275 909 2331 eodem
925 2287 1045 2330 auctore
1062 2293 1077 2329 e
1095 2285 1154 2328 tex·

63 2346 124 2411 sis,
141 2345 251 2398 nobilis
269 2346 321 2401 ille
333 2346 541 2417 Geooraphus,
559 2345 593 2396 li·
610 2385 613 2394 .
629 2353 662 2398 tu
679 2340 846 2416 eiecimus]
903 2339 907 2351 '
1109 2340 1112 2351 ’

61 2415 122 2469 hro
161 2410 334 2478 undecimo,
379 2385 530 2469 llerodoto
561 2412 595 2466 in
1109 2435 1114 2438 ·

62 2480 279 2554 Melpomene,
309 2481 464 2538 Heraclidi
486 2481 593 2535 Ponti·
667 2479 930 2554 Indosquosdam]
949 2480 1080 2536 Deseris
1094 2479 1158 2534 sive
1203 2494 1213 2527 t

61 2570 115 2612 co,
140 2549 323 2614 Posidonio,
341 2551 441 2604 endem
453 2550 594 2605 Cornelio
629 2551 766 2604 Asiaticis
788 2552 923 2624 plerique
942 2551 1090 2621 accipiunt
1108 2565 1157 2605 eo.

60 2619 175 2690 Nepoti
191 2620 397 2682 narrantibus,
416 2635 476 2671 non
501 2617 594 2670 eredi-
630 2637 712 2683 rum,
753 2620 783 2672 ui
800 2621 857 2687 jam
873 2619 944 2672 olim
957 2629 1050 2673 totum
1065 2629 1157 2673 terra·
1245 2658 1253 2677 .

61 2685 128 2752 dit,
148 2684 289 2759 quosdam
303 2687 340 2741 ab
355 2686 437 2740 India
453 2683 489 2739 ad
500 2685 595 2741 Gades
629 2706 694 2740 rum
706 2637 808 2742 albem
820 2687 1098 2759 circumnavigatum
1107 2703 1164 2740 voa

60 2772 159 2827 usque
179 2764 208 2807 et
228 2755 403 2808 Germaniae
425 2754 527 2806 littora
544 2771 595 2806 nn·
629 2756 701 2808 lunt.
719 2755 832 2835 Quibus
846 2755 933 2809 lacile
947 2756 1077 2828 largior,
1095 2772 1157 2808 non

61 2823 185 2895 vigalia.
208 2825 252 2876 De
273 2823 382 2878 Oceani
408 2822 596 2893 navigatione
630 2823 718 2877 modo
748 2823 854 2877 Melam
876 2825 1078 2897 Pliniumqne',
1105 2820 1157 2876 sed

34 2946 38 2955 ,
62 2891 133 2964 lege
148 2900 178 2944 ct
194 2889 328 2960 Senecae
353 2890 497 2947 Rbetoris
516 2889 595 2944 Sua·
631 2893 718 2944 etiam
737 2894 896 2963 Nepotem,
917 2892 1071 2965 ipsumque
1093 2890 1155 2945 for-

20 3003 24 3010 .
64 2961 184 3016 soriam
212 2979 235 3012 t.
258 2960 304 3013 eui
326 2960 442 3013 titulum
467 2956 596 3012 bunede
631 2961 698 3013 talle
722 2960 891 3023 Metellum,
918 2978 968 3015 eos
992 2979 1048 3032 pro
1076 2959 1157 3014 veris

64 3037 127 3080 vet.
142 3026 243 3081 codice
258 3028 324 3080 Lib.
336 3046 359 3080 1.
376 3028 597 3098 Observatcper
632 3027 777 3082 habuisse.
797 3025 855 3083 Sed
869 3038 901 3080 at
915 3045 948 3081 ex
965 3027 1100 3087 orientali
1112 3028 1159 3081 In·

65 3096 204 3152 Saturam
218 3094 415 3150 reddidimus:
438 3092 598 3150 Deliberat
632 3093 689 3158 dia,
710 3096 771 3149 sive
782 3113 836 3167 per
849 3093 1065 3169 Aethiopicum,
1083 3094 1156 3161 sive,

67 3160 262 3227 Alcaandar‘,
282 3163 501 3220 anffoceanum
515 3163 597 3218 naui·
633 3161 711 3235 quod
734 3164 884 3234 plerisque
908 3165 1026 3234 placere
1048 3163 1157 3230 video,

65 3241 132 3308 get.
151 3233 297 3289 schottus.
484 3276 488 3299 ,
632 3249 687 3304 per
715 3232 981 3302 septentrionalem
1008 3234 1182 3287 Oceanum

385 3355 387 3358 Α
437 3314 458 3359 ’,
634 3298 670 3351 ad
697 3299 993 3357 Germaniae-littora
1013 3302 1159 3374 navigatio

111 3371 150 3423 Ut
166 3369 330 3434 recentior,
351 3369 395 3423 ita
417 3369 597 3424 auctoritate
634 3365 766 3430 credam,
799 3366 928 3421 nondum
958 3368 1062 3433 adduci
1087 3387 1159 3441 pos.

68 3437 302 3496 certiortradit]
321 3437 414 3491 Siein
430 3436 596 3509 scriptisli·
631 3453 710 3488 sum:
736 3436 786 3507 qui
814 3437 920 3503 seiam,
942 3438 1028 3502 etiam
1050 3439 1165 3505 hodic,¹

66 3505 134 3561 bris
148 3507 260 3576 reperit
277 3505 402 3560 Vossius.
428 3506 522 3577 Vulgo
537 3502 596 3557 cdi·
632 3514 681 3556 aut
697 3503 881 3576 impossibile,
901 3516 949 3560 eut
962 3507 1063 3560 saltem
1079 3506 1158 3562 disti·
1254 3539 1267 3573 .

66 3585 136 3628 tur:
153 3580 187 3627 ut
197 3593 255 3628 ree.
267 3575 465 3636 auctoritate,
485 3575 595 3635 siccer,
632 3572 771 3624 cillimum
784 3618 786 3622 ,
797 3590 878 3639 esse,
901 3591 956 3645 per
974 3576 1160 3647 Septentrio·

67 3643 133 3698 tior
155 3641 274 3713 tradit,
296 3641 413 3698 Vossius
441 3651 597 3713 utrumque
631 3657 698 3692 nem
710 3642 741 3693 in
757 3639 868 3693 Indiam
883 3642 1057 3716 enavigaret
1079 3645 1110 3697 in
1122 3643 1161 3698 A·

69 3727 166 3782 aeque
188 3711 319 3784 ineptum
337 3709 492 3773 existimat,
513 3709 597 3779 legit·
632 3707 707 3761 frica
718 3725 791 3762 vero
802 3708 941 3764 exteriori
949 3728 987 3765 ne
1001 3712 1087 3767 unius
1096 3711 1160 3784 qui-

69 3786 208 3852 quetfut
230 3778 378 3835 recentior
403 3785 525 3840 auctor,
553 3777 599 3831 ita
634 3773 699 3828 dem
722 3776 849 3844 littoris,
871 3789 922 3831 aut
943 3779 1164 3852 promontorii,
1243 3818 1251 3831 .

71 3846 193 3903 certior.
219 3848 313 3919 Atque
335 3845 377 3900 sie
402 3845 466 3899 lere
488 3845 599 3899 Plinius
634 3846 813 3914 autmontis,
832 3845 1164 3920 nedumurbisprovin.
1234 3909 1236 3912 y

69 3917 152 3983 b,a7.
172 3916 372 3987 Dionysium,
387 3923 537 3969 terrarum
554 3932 599 3967 or·
635 3912 677 3985 (p.
690 3915 763 3984 796.)
780 3914 879 3968 eiaevc
894 3913 971 3989 apud
985 3915 1162 3971 Strabonem

73 3983 121 4039 bis
143 3985 219 4041 situs
240 3984 481 4040 recentissimum
501 3988 600 4037 aucto·
635 3983 766 4066 aliosque
778 3994 909 4038 veterum
923 3986 1100 4036 mentionem
1111 3982 1162 4037 fie-
1235 4018 1237 4031 -

71 4072 149 4109 rem.
170 4052 288 4107 Tacitus
311 4051 409 4178 Apris.
438 4071 480 4111 to,
502 4053 527 4106 3.
550 4052 600 4106 Li·
636 4054 679 4120 ri3
697 4069 785 4104 immo
803 4050 894 4105 adhuc
911 4051 1069 4105 Ptolemaei
1085 4060 1162 4105 neta·

71 4123 140 4189 cius
162 4128 312 4187 ueterum,
352 4119 440 4175 obius
459 4119 602 4175 Rusticus
635 4130 664 4173 te
683 4120 845 4182 creditum,
863 4119 961 4173 Asiam
984 4120 1060 4172 ultra
1080 4135 1162 4173 mare

71 4191 241 4273 recentium
252 4187 491 4264 elaqulntissimi
502 4196 602 4255 ‹tstcto-¹
636 4186 768 4242 Indicum
780 4186 900 4242 Africae
915 4186 1085 4244 cohaerere.
1104 4184 1166 4251 Sed

662 4282 728 4342 Za
