2610 4650
291 1046 583 1160 murore
634 1056 1026 1204 conuento

251 1306 269 1315 ,⁷
482 1214 593 1298 nunu
623 1255 823 1301 uununna
895 1251 896 1256 ’
1004 1297 1009 1311 ,

342 1363 622 1447 antenor
656 1344 939 1432 aurstein

304 1546 310 1556 .
444 1476 850 1584 BIBLIQTHECAE

181 1821 288 1917 Quum
307 1827 473 1904 omnibus,
498 1830 615 1914 quibus
630 1829 920 1934 praestantissimos
934 1828 1105 1928 historicos
1122 1851 1197 1894 cen·
1210 1757 1269 1898 ¹125

104 1949 234 2004 semus,
265 1933 458 2008 virtutibus,
488 1949 567 2000 tum
576 1936 657 2000 casto
681 1953 776 2021 atque
799 1936 939 2023 eleganti
963 1922 1120 2001 orationis
1141 1957 1204 2034 ge·
1279 1959 1281 1963 ’

101 2058 183 2100 nere
209 2038 290 2102 adeo
321 2041 585 2107 commendantur
610 2044 757 2110 Cornelii
780 2045 936 2128 Nepotis,
976 2065 1057 2129 quae
1079 2043 1119 2105 ad
1132 2063 1199 2111 no-

94 2141 197 2213 llram
226 2161 363 2242 aetatem
386 2165 625 2232 pervenerunt,
664 2165 886 2226 monumenta,
921 2165 956 2213 ut
978 2170 1098 2233 operae
1123 2171 1203 2234 pre·

101 2251 185 2338 tium
213 2274 248 2314 se
273 2253 419 2345 lecturos
449 2259 567 2329 merito
597 2256 813 2338 iudicauerint
846 2255 1030 2318 eruditione
1052 2255 1217 2339 insignes
1243 2287 1246 2295 ·
1276 2341 1278 2344 y

102 2358 168 2422 viri
179 2401 201 2432 „
219 2360 247 2421 si
273 2362 469 2444 scriptorem
488 2357 703 2450 gravissimum
725 2385 792 2425 non
816 2361 931 2424 crebra
945 2376 1068 2425 tantum
1084 2358 1198 2424 lectio·

101 2485 145 2530 ue
163 2465 229 2543 sibi
248 2449 654 2545 familiaremredderent,
690 2469 860 2532 sedetiam
876 2469 910 2529 in
928 2468 1136 2531 emendandis
1151 2480 1199 2530 at·

71 2574 1199 2665 'umueqffimmdmopffldmsememumn,mhmemaumevmi
1235 2592 1302 2615 *'

102 2679 164 2743 lias
187 2683 406 2769 collocarent-v
439 2688 586 2770 Magnam
610 2685 719 2768 itaque
742 2683 876 2773 gratiam
896 2685 1038 2745 Joannes
1059 2679 1199 2744 Michae'l
1211 2668 1270 2748 106

59 2844 61 2849 .
102 2787 354 2871 Heusingerus,
391 2804 526 2874 patruus
545 2811 657 2863 meus,
688 2789 778 2870 cujus
799 2789 896 2851 etiam
915 2788 1060 2852 defuncti
1075 2809 1198 2852 memo·

102 2895 156 2971 ria¹
168 2893 251 2968 ,mihi
274 2892 383 2959 sancta
407 2895 469 2972 est,
507 2898 546 2961 ab
565 2896 677 2983 aequis
697 2896 889 2958 meritorum
907 2916 1038 2957 suorum
1055 2893 1198 2957 aestima·
1286 2902 1288 2905 '

102 2999 234 3066 toribus
249 2982 341 3078 iniit,
373 3005 460 3089 quod
484 3011 646 3091 Nepotem
664 3001 953 3066 vetustissimorum
967 3001 1198 3086 exemplarium

103 3107 169 3170 lide
186 3097 368 3182 recensuit,
409 3113 646 3198 perpetuisque
671 3108 930 3173 adnotationibus
953 3108 1077 3170 criticis
1101 3127 1197 3191 egre·

104 3212 1198 3299 gurpmumnemmu.·HmwlssmmnsivfflflsttAmmstmusa
1254 3251 1256 3262 ι

105 3326 284 3398 staveren,
319 3325 609 3403 erubuiss’etsane,
638 3341 688 3392 tot
709 3346 848 3398 naevos,
880 3346 897 3384 a
918 3335 1033 3408 patruo
1045 3344 1120 3387 meo
1129 3326 1196 3415 lle-
1217 3361 1219 3367 ·

105 3431 178 3517 poti
195 3431 341 3492 feliciter
357 3431 530 3507 abstersos,
563 3439 647 3498 nova
671 3431 814 3496 editione
826 3434 829 3447 '
841 3431 978 3495 ulterius
1002 3450 1195 3515 propagare,

104 3559 213 3623 neque
225 3539 260 3599 in
276 3540 454 3603 clarissima
469 3542 542 3605 luce
556 3542 714 3628 ¹scriptori
731 3539 910 3603 cultissimo
927 3531 1047 3600 dudum
1062 3524 1199 3600 accensa
1221 3558 1232 3577 ·

106 3646 249 3729 caligans
275 3647 346 3731 ipse
377 3648 460 3710 aliis⁴
481 3629 579 3712 etiam
616 3649 787 3731 caliginem
818 3645 988 3713 offundere
1021 3648 1194 3731 sategiliet.
1258 3653 1260 3657 '

105 3753 219 3828 idem,
270 3755 335 3817 nisi
368 3755 483 3831 fallor,
543 3756 630 3820 haud
661 3749 881 3819 commillurus
912 3753 1039 3828 suillet,
1101 3769 1137 3818 ut
1158 3741 1197 3820 ee
1265 3820 1269 3829 ,

107 3862 179 3945 ipsa
196 3863 362 3937 convicia,
393 3863 510 3948 quibua
532 3865 696 3928 viventem
713 3862 884 3956 incederat
907 3876 1055 3946 patruum
1075 3883 1193 3939 meum,
1237 3916 1239 3921 ,

107 3969 205 4031 etiam
223 3970 257 4031 in
279 3969 483 4044 defunctum,
528 3970 614 4055 quod
638 3970 770 4057 impune
791 3970 1017 4033 insultaturum
1040 3970 1215 4055 speravit,=

105 4078 209 4140 multo
232 4076 448 4142 confidentius
473 4075 657 4163 repeteret,
702 4078 730 4142 ai
752 4076 809 4141 illo
832 4093 979 4162 tempore
1003 4076 1196 4165 perlata‘ad
1263 4088 1281 4103 ’“

88 4200 183 4247 ›eum
199 4183 331 4253 fuiffent
344 4187 554 4257 Bidermanni
569 4187 610 4255 V.
628 4187 665 4251 C.
687 4186 807 4252 selecta
825 4184 1027 4263 scholastica,
1057 4187 1092 4249 in
1113 4206 1194 4274 quo·
1247 4201 1251 4214 ‘

1271 4315 1296 4346 l·
