2610 4650
60 294 64 298 ’
176 302 375 391 ιοιι’“
447 299 958 405 ·cottttttn11n·uro'rts
1104 300 1150 317 ·“

169 506 219 580 ¹'do
238 510 398 580 Cicerone
413 513 606 600 potiliimnm
623 514 665 578 de
685 515 811 577 meritis
827 516 939 598 hujus,
963 514 1079 601 quibus
1093 515 1261 584 'historiam

153 674 158 686 ,
178 638 297 685 ornare
313 624 458 707 potuerit
475 620 753 696 acdestina'terit',
772 621 1014 715 disputaturum
1027 624 1138 699 iniss'e,
1163 642 1260 709 quum

149 786 151 789 ,
177 728 245 810 ejus
267 730 334 801 rei,
354 709 433 790 'illo
460 719 778 813 quidemtempore,
806 748 873 787 non
900 729 1007 792 minue
1035 742 1131 813 atque
1159 730 1258 793 lrodio
1296 757 1299 767 ¹

38 815 44 824 ¹
100 894 103 905 ,
176 835 260 919 apud
274 833 390 920 vulgus
412 832 645 910 eruditorum,-
659 834 888 899 obscurissima
907 849 960 896 aut
983 836 1069 897 nulla
1085 836 1166 940 silet
1192 857 1273 900 mee

177 941 340 1004 morial

260 1016 380 1157 Neque
388 1036 526 1135 alterius
552 1051 724 1167 fragmenti
745 1089 783 1133 ea
798 1067 841 1132 cst
858 1054 981 1167 facies,
1015 1091 1097 1156 quae
1093 1060 1195 1135 ιιι
1169 1072 1256 1140 simi.-
1259 1094 1264 1106 ‘
1297 1044 1299 1115 i

109 1175 162 1239 ι33
178 1162 347 1242 litudinem
369 1169 547 1263 figmentis
568 1158 774 1263 fraudulento
793 1174 963 1238 nebulone
973 1180 1146 1265 compositi
1168 1198 1258 1269 acce·

177 1265 255 1346 dere
273 1276 429 1348 videatur.
453 1286 502 1346 lta
519 1284 605 1352 enim
626 1282 665 1346 ab
690 1280 819 1367 integro
838 1283 1003 1345 orationis
1014 1303 1154 1368 corpore
1168 1273 1258 1349 asvul
1297 1290 1299 1323 l

119 1380 126 1388 ¹
178 1390 266 1487 epm,
302 1390 345 1452 ita
367 1372 639 1481 imperfectum,
646 1390 691 1451 ιιι
716 1388 885 1483 abruptum
902 1387 965 1451 hoo
964 1393 1124 1498 Nepotis
1148 1392 1189 1485 de
1206 1393 1257 1456 ei·

161 1495 298 1557 'corone
317 1486 473 1578 judicium
494 1478 711 1582 proponitur,
752 1508 787 1556 ut
810 1494 872 1576 jam
894 1516 933 1558 eo
962 1492 1134 1581 tempore,
1162 1502 1258 1583 quum

68 1611 71 1615 ’
177 1598 318 1685 primu'm
344 1601 450 1663 illud
441 1623 475 1663 ιιι
491 1600 596 1664 lucem
612 1598 851 1699 protraherem,
879 1601 1028 1687 profiteri
1049 1625 1112 1664 non
1133 1592 1256 1672 dubita·

165 1707 300 1801 terim,
345 1714 488 1787 menon
513 1708 717 1803 intelligere,
756 1705 809 1770 cui
833 1708 883 1770 rei
904 1709 940 1769 ιιι
965 1709 1121 1792 Cicerone
1143 1714 1256 1795 repre·

147 1815 152 1831 ‘
176 1802 296 1905 liensae
326 1810 496 1876 historicus
525 1813 715 1901 sententiam
731 1792 819 1877 illam
840 1814 982 1878 volueiit
1004 1816 1254 1902 accommodare,

123 1986 126 1993 ,
176 1912 241 1981 nisi
239 1908 350 2005 quod
374 1917 487 2005 timide
491 1916 726 2007 conjicerem,
747 1919 1089 1983 'commemorationem
1106 1920 1255 2001 carminis

111 2100 132 2113 ..
178 2005 317 2116 Tilliani
342 2026 383 2088 de
404 1996 571 2097 consulatu
596 2042 656 2085 suo
677 2028 920 2112 podmatumqne
936 2069 945 2101 ,
961 2026 965 2035 “
979 2026 1115 2110 reliquis
1129 2020 1256 2089 mdximi

129 2110 206 2204 ’,τ
175 2133 239 2217 vrri
262 2112 407 2195 laudibus
426 2153 491 2194 non
512 2131 588 2192 satis
586 2125 891 2216 respondentium,
924 2129 992 2192 hoc
1011 2112 1256 2217 epiphonemate

128 2238 147 2251 ”
176 2211 325 2322 concludi
342 2236 519 2333 potuiss'eg
569 2234 661 2298 Adeo
679 2236 766 2300 nihil
788 2235 938 2331 equidem
959 2234 1011 2298 hic
1034 2222 1254 2357 deprehendo}

137 2416 140 2429 1
177 2318 265 2428 quod
281 2320 385 2435 sunnin
406 2364 484 2429 prae
500 2362 534 2404 ac
553 2340 640 2425 ierat
660 2338 800 2415 falsarii,
828 2352 864 2404 ut
881 2338 1075 2415 credam,
1049 2364 1077 2403 st
1095 2339 1168 2426 quis
1183 2342 1255 2412 suli·

178 2438 341 2547 diticium
336 2450 488 2533 Nepotis
520 2420 736 2509 testiinonium
743 2448 933 2544 procudere
958 2443 1124 2521 toluill'ct,
1161 2434 1256 2535 talem

178 2540 355 2639 orationem
370 2534 615 2638 compoliturum
627 2551 737 2628 soille,
766 2566 803 2616 ut
827 2553 902 2616 inde
923 2565 1110 2658 appareret,
1134 2552 1186 2614 cui
1207 2529 1257 2651 rel

178 2646 258 2724 illa
249 2663 409 2725 inservire
432 2659 547 2751 dehent
564 2657 809 2723 confirmandae.

259 2794 377 2854 Contra
398 2810 435 2857 ee
458 2790 492 2851 in
514 2789 576 2852 hoc
594 2792 827 2874 apospasmatio
842 2768 1095 2880 adimadvertere
1113 2788 1193 2852 mihi
1206 2766 1255 2880 ιι-

177 2898 257 2960 deor
276 2897 415 2958 hominis
432 2896 517 2957 haud
535 2895 680 2958 illiterati
704 2896 920 2980 diligentiam,
944 2896 998 2979 qui
1020 2896 1126 2956 locum
1145 2887 1272 2980 Nepo-¹

176 3005 240 3079 tis,
271 3003 360 3085 cnjus
383 3004 571 3066 consecutio
590 3010 633 3065 ιιι·
648 3000 852 3085 inspectione
871 3001 1055 3066 Corneliani
1076 2992 1201 3064 codicis
1221 3015 1254 3066 et

176 3109 240 3194 ipsi
259 3123 334 3171 nota
357 3123 443 3184 erat,
474 3122 507 3174 et
528 3109 566 3169 ab
590 3108 688 3169 illius.
702 3107 773 3169 aevi
796 3105 973 3169 lectoribus
994 3105 1090 3167 facile
1107 3106 1253 3192 indagari

174 3230 317 3301 poterat,
346 3236 413 3277 non
428 3214 620 3298 exscripsit,
643 3213 709 3275 sed·
724 3211 896 3285 indioatit,
934 3218 1117 3297 tentumque
1140 3234 1181 3274 ex
1199 3236 1252 3276 au.

175 3322 275 3385 ctoris
296 3320 398 3406 prisci
425 3320 535 3383 verbis
567 3319 728 3393 enotavit,
777 3333 928 3403 quantum
952 3318 992 3379 ad
1010 3319 1252 3402 repraesentati·

175 3427 247 3490 dam
269 3425 424 3488 orationis
447 3426 592 3508 integrae
610 3424 798 3487 memoriam
817 3421 967 3486 sufficere
985 3425 1125 3508 putabat.
1149 3430 1247 3490 Pras·

76 3558 79 3567 ι
172 3549 283 3607 terea,
327 3530 414 3616 qnod
431 3530 538 3615 ipsum
555 3528 639 3591 illud
658 3527 777 3593 dictum
792 3527 840 3591 ‘de
867 3544 978 3592 natura
1004 3551 1070 3592 non
1102 3535 1249 3597 omnibus
1297 3594 1299 3605 ,

175 3639 280 3701 omnia
301 3637 458 3722 largiente
491 3634 672 3720 significare
699 3636 843 3710 videtur,
882 3636 1000 3711 divini,
1040 3659 1105 3722 quo
1131 3639 1250 3725 alioqui

175 3744 300 3806 Tullius
320 3743 502 3818 eminebat,
545 3742 669 3825 ingenii
697 3739 1021 3827 defectum‘aliquem
1050 3747 1175 3829 notari,
1216 3740 1250 3807 id
1297 3778 1299 3809 ;

172 3849 256 3911 haud
276 3851 431 3935 perplexe
451 3847 594 3910 indicare
618 3848 776 3922 arbitror,
800 3851 993 3934 scriptorem
1010 3852 1157 3914 veritatis
1170 3851 1249 3913 adeo
1275 3884 1277 3890 =

173 3954 378 4039 diligentem,
419 3944 769 4038 utaquemadmodum'
787 3955 924 4017 virtutes
947 3977 1143 4018 summorum
1162 3958 1249 4018 viro·
1297 3988 1299 4019 ι

103 4063 158 4137 134
169 4080 239 4121 rum
260 4060 368 4122 debita
397 4060 490 4122 laude
509 4058 666 4134 illustret,
700 4060 744 4121 ita
765 4081 827 4123 neo
855 4063 931 4123 vitia
959 4083 1071 4125 eorum
1087 4064 1249 4126 occultare

171 4187 208 4229 ec
229 4164 422 4234 diffimulare
443 4164 601 4231 ιιιιιιιιιιι.
653 4164 819 4232 ιιιιηοιο
840 4166 869 4230 ιι
891 4168 963 4253 quis
982 4167 1179 4253 persuadere
1191 4189 1249 4231 no·

1128 4295 1144 4329 ,·
1194 4271 1249 4338 bis
