2610 4650
81 1210 83 1214 '
122 1225 127 1252 t

156 234 247 353 aaa
329 252 333 261 ’
392 255 697 350 ορηΝΕιη
738 257 1021 355 aaronis
1233 222 1235 225 ’

154 443 321 551 principio
342 442 511 548 v'scripturi
546 477 597 525 est
631 450 679 526 ad.
706 465 787 526 banc
824 466 1034 528 sententiam:
1075 466 1247 527 Neminem

52 582 56 592 '
109 578 113 593 '
140 591 352 662 succensere
376 571 440 633 sihi
460 573 656 645 convenire,
700 571 728 633 si
758 575 837 659 quid
865 576 900 635 in
928 573 991 636 his.
1008 574 1104 636 libris
1132 594 1248 659 parum

59 685 63 696 ‘
94 719 97 723 J
149 674 342 763 'composite
365 680 544 741 autminus
567 678 734 762 eleganter
755 681 913 766 scriptum
933 680 1033 743 foret.
1077 681 1154 740 Nam
1171 681 1247 762 sum,
1288 715 1291 722 ·

148 787 279 872 lnquit,
318 783 396 853 belno
420 788 596 860 Rammius,
620 792 750 847 namsia
775 790 873 849 Lario:
916 788 1022 848 Graeba
1046 791 1135 847 uratia
1156 805 1173 843 a
1198 788 1278 853 rra-J¹

154 895 196 958 bis
225 892 394 974 alieuiffima'
412 909 462 959 ert.
523 893 666 980 Ideoque
686 894 814 958 veniam
835 897 1035 981 gratiamque
1055 894 1157 956 maiae
1180 882 1249 956 eni-

157 990 370 1076 stimatibni's‚
394 1002 422 1062 si
445 998 537 1096 quid·
551 1011 640 1063 'esset
662 1016 820 1077 erratum,
849 1004 1037 1088 postularit.
1078 1004 1127 1063 Ea
1150 1021 1250 1094 quum

154 1109 293 1194 legisset
312 1113 358 1170 M.
381 1110 482 1182 Cato,
526 1108 588 1168 Nae
608 1131 658 1184 tu,
701 1110 827 1196 inquit,
866 1115 958 1184 Aule,
996 1114 1110 1201 nimium
1129 1113 1250 1192 nugator

83 1372 85 1376 ·
152 1353 250 1396 tamen
271 1337 443 1414 scripsisse,
461 1350 494 1394 ut
514 1327 620 1395 Atticis
645 1339 682 1394 A·
718 1338 807 1396 ditant
827 1336 946 1397 viderit.
970 1340 1082 1396 Contra
1106 1341 1249 1404 Ammia-

26 1412 30 1419 '
132 1411 348 1477 ptbenisnatus
368 1408 565 1482 educatusque
584 1407 682 1463 videa·
718 1428 793 1477 nus,
831 1405 1013 1494 Appuleius,
1049 1409 1251 1478 Macrobius,

152 1488 212 1535 tur.
228 1476 315 1553 Apud
329 1479 365 1534 L.
385 1477 589 1543 blorum‚*-seu
604 1478 681 1551 quis·
718 1490 798 1533 extra
821 1481 955 1541 Italicum
978 1481 1074 1543 solum
1095 1476 1178 1546 nati,
1193 1480 1250 1532 La·

153 1548 220 1636 quis
246 1549 283 1601 esl
305 1559 426 1615 auctor,
445 1548 467 1600 E
492 1547 581 1602 itome
604 1547 681 1603 Livii
716 1549 777 1601 tine
789 1550 981 1621 scripserunt.
999 1547 1052 1602 Ille
1062 1564 1092 1602 se
1101 1549 1264 1623 §raecum

145 1619 204 1675 lib·
237 1617 280 1672 53.
311 1614 402 1691 Cujus
433 1565 531 1674 lullus
563 1628 682 1670 senator
716 1615 825 1670 satetur
838 1620 867 1672 in
886 1618 1041 1683 Historia,
1062 1617 1110 1670 hic
1125 1615 1249 1670 Madau-

152 1682 267 1744 (iraece
295 1701 342 1738 res
375 1686 520 1740 Romanas
552 1684 680 1759 scripsit.
716 1688 875 1741 rensemin
886 1680 1250 1760 ApologiadMacroblus

130 1758 189 1812 ,Et
209 1755 346 1810 lustinus
364 1748 455 1809 initio
475 1751 610 1840 Philipp.
628 1753 682 1808 Hi·
716 1753 907 1828 praefatione
924 1757 1048 1810 Saturn.
1068 1754 1122 1824 sub
1139 1753 1199 1808 alio
1217 1770 1249 1807 se

119 1878 122 1885 ,
151 1824 279 1888 bariae,
297 1823 405 1876 inultos
417 1839 450 1874 cx
463 1825 619 1889 Romanis,
640 1833 684 1876 ct·
717 1833 813 1877 ortum
826 1825 911 1878 coelo
922 1824 1059 1878 affirmat.
1077 1822 1189 1888 Omitto
1201 1839 1251 1875 re-

50 1945 54 1952 ,
119 1904 122 1909 ’
152 1892 211 1946 iam
235 1890 407 1955 Consularis
422 1888 574 1964 dignitatis
590 1892 686 1958 viros,
715 1891 737 1943 li
760 1909 814 1946 uos
833 1892 932 1958 Afros,
952 1893 1153 1965 cyprianum,
1177 1889 1249 1944 'Per-

62 1992 63 1996 κ
148 1978 200 2022 ,res
215 1963 360 2016 Romanas
377 1960 493 2014 Graeca
508 1959 681 2044 peregriao-
717 1909 894 2017 tullianum.
919 1960 1099 2028 Arnobium,
1118 1959 1249 2032 Fulgen-

152 2046 210 2102 quc
225 2046 255 2083 se
274 2027 404 2093 mone.in
416 2027 563 2094 historiam
580 2038 681 2082 contu·
716 2031 810 2094 tium,
829 2030 954 2083 ceteros.
972 2029 1030 2085 Sed
1049 2039 1077 2082 et
1095 2031 1129 2085 in
1150 2029 1254 2093 Serus·¹

84 2114 86 2118 ’
118 2138 120 2146 ·
150 2103 232 2159 iisse.
265 2098 373 2152 Errant
397 2096 474 2149 enirn
505 2097 681 2172 pueriliter,
717 2117 770 2154 cac
818 2097 964 2154 Rbetoris
1002 2098 1252 2154 Controversiam
1282 2153 1285 2159 ,

129 2168 213 2249 ‚qu'r
234 2164 357 2221 eundem
383 2164 528 2220 lustinum
546 2166 693 2232 Philoso·¹¹
717 2170 760 2223 ab.
776 2165 812 2220 de
829 2167 970 2221 Romanis
984 2167 1097 2221 Graece
1114 2167 1268 2221 scribens

37 2267 49 2279 =1
110 2242 118 2275 ²·
150 2241 241 2314 phura
259 2232 612 2303 ctChrissianumsuissc
630 2253 682 2306 pu·
716 2237 796 2291 tibus
816 2235 915 2292 dicere
938 2236 1067 2289 memini.
1089 2235 1246 2305 Schottus.

120 2362 122 2367 ,
150 2318 223 2382 tent.
242 2303 350 2360 Pueris
366 2301 469 2368 nabis,
488 2306 585 2376 inquit
599 2306 682 2361 Cice:
718 2307 838 2361 Catonis
848 2305 1064 2379 reprehensioni
1077 2304 1249 2378 respondet,

150 2393 187 2432 ro
202 2379 287 2433 Tusc.
308 2390 335 2426 v.
354 2391 379 2425 c.
395 2373 439 2442 39.
457 2375 509 2445 Cn.
530 2372 684 2444 Aufidius,
717 2371 879 2445 Albinique
896 2374 1054 2427 institutum
1063 2385 1162 2428 tuetur
1178 2374 1249 2429 Vos·

153 2442 348 2503 Praetorius,
372 2441 405 2494 in
431 2448 539 2496 senatu
560 2452 682 2498 senten·
717 2444 779 2506 sius
801 2439 839 2498 de
861 2441 934 2498 bist.
954 2441 1059 2497 Graec.
1081 2462 1110 2506 1,
1132 2460 1175 2498 ao.
1195 2438 1249 2514 qui

151 2514 230 2570 tiam
254 2508 389 2573 dicebat,
409 2528 463 2563 nec
481 2510 590 2565 ansicis
608 2509 681 2568 dett.
717 2520 746 2564 et
760 2521 821 2564 tres
837 2509 917 2563 illius
940 2528 974 2563 ex
991 2511 1047 2564 boc
1064 2527 1155 2583 opere
1177 2528 1248 2564 ver·

69 2632 71 2636 ⁴
139 2577 330 2639 ,berantibus
345 2576 466 2642 deerat,
486 2585 514 2634 et
534 2577 681 2636 Graecam
716 2596 774 2644 sus,
794 2576 958 2634 Prisciano
970 2577 1122 2644 laudatos,
1141 2580 1247 2633 refert.

78 2659 85 2674 “’
150 2647 304 2709 ‘scribebat
318 2646 502 2714 historiam,
519 2655 548 2702 et
561 2648 683 2704 videbat
715 2647 837 2703 Rosius.
855 2650 899 2701 De
916 2665 950 2701 re
965 2657 1053 2720 agunt
1071 2649 1141 2700 Exc.
1156 2665 1172 2701 e
1189 2651 1251 2702 Pd-

38 2786 40 2791 Ι
117 2722 119 2729 ’
152 2716 306 2776 caceusin
324 2713 444 2771 litteris.
471 2716 541 2788 -lpse
557 2720 681 2840 guoque
715 2715 797 2787 lybia
815 2714 852 2770 de
880 2716 959 2771 Virt.
976 2726 1005 2768 at
1023 2717 1084 2772 Vit.
1107 2733 1139 2789 p.
1169 2717 1250 2784 1481,

85 2832 87 2836 .
147 2790 258 2850 ,Cicero
272 2791 497 2857 praeterquam
537 2803 554 2838 o

75 2877 81 2886 ·
151 2859 209 2913 bus
224 2855 335 2928 Latinis
351 2850 389 2908 de
403 2852 500 2909 Consu
515 2862 568 2910 atu
578 2874 632 2910 suo
646 2854 682 2908 li·
718 2865 747 2907 et
761 2853 792 2907 in
808 2853 956 2936 apophth.
971 2873 1004 2926 p.
1015 2870 1073 2924 ¹99·
1082 2855 1119 2908 ab

98 2991 99 2994 Ἴ
151 2926 226 2981 bros
259 2934 319 2979 tres
345 2922 539 2994 conscripsit,
559 2921 681 2978 totidem
717 2939 788 3003 gpro
806 2931 892 2976 ettam
907 2923 1031 2985 citatus,
1058 2941 1146 2997 quam
1163 2922 1248 2976 hisso·

591 2786 682 2840 versi·
720 2785 795 2861 ¹4⁸²·
812 2784 888 2838 Plut.
913 2784 943 2838 in
960 2786 1022 2840 Cat.
1042 2785 1112 2849 Mai.
1127 2804 1171 2908 lpe
1184 2786 1249 2906 ὃέἒ.

1172 2873 1192 2907 U

154 2996 267 3056 Graece
277 2989 387 3057 edidit,
409 2992 460 3063 qui
485 2991 564 3046 liber
590 3002 682 3047 toturn
716 3007 810 3056 riam,
826 2992 896 3045 licet
916 3009 933 3045 a
951 2989 1087 3064 pluribus
1102 2999 1249 3046 memora·-

77 3091 83 3107 .
152 3063 293 3129 Isocratis
317 3058 526 3129 propassiones,
546 3072 634 3134 atque
650 3079 681 3115 o·
716 3068 794 3124 tam,
813 3058 952 3132 scripta-m
966 3060 1021 3113 esse
1031 3059 1068 3127 in
1082 3058 1162 3114 libro
1175 3060 1252 3114 Cor·

153 3148 234 3185 mnes
248 3132 309 3197 eius
324 3127 535 3200 discipulorum
550 3130 681 3194 arculas,
716 3128 787 3181 nelii
812 3130 934 3200 Nepotis
960 3127 996 3181 de
1015 3147 1043 3183 v.
1066 3130 1087 3183 i.
1114 3127 1186 3182 dicit
1214 3131 1250 3184 A.

152 3209 183 3253 et
215 3198 349 3252 nonnihil
382 3197 468 3259 etiam
498 3197 683 3254 Aristotelicas
710 3195 831 3251 'Gellius
847 3198 867 3251 l.
884 3215 913 3250 xi
935 3199 970 3252 N.
986 3197 1021 3250 A.
1038 3215 1104 3271 cap.
1121 3197 1149 3251 8.
1168 3196 1251 3251 unde

81 3326 89 3342 κ
150 3270 301 3343 pigmenta
319 3266 496 3330 consumsit,
531 3269 683 3341 ipsamque
719 3262 799 3319 docti
811 3266 982 3333 conjiciunt,
993 3265 1135 3343 integram
1159 3264 1250 3319 (lato-¹

152 3339 240 3391 ctiam
266 3336 409 3389 Graecam
437 3335 586 3396 nationem
615 3353 683 3392 con.
718 3331 764 3388 nis
781 3334 870 3386 vitam
886 3353 946 3386 non
963 3333 1079 3403 exstare.
1090 3333 1217 3390 Vossius
1226 3333 1248 3388 l.

151 3404 302 3471 turbavit,
319 3413 370 3457 et‘
394 3401 460 3455 lanc
483 3421 499 3455 e
524 3403 683 3465 scribendo
722 3421 745 3459 ι.
765 3400 800 3455 de
818 3404 855 3455 H.
873 3403 926 3458 Gr.
952 3420 1016 3473 cap.
1035 3421 1077 3457 ao.
1097 3419 1164 3477 pag.
1186 3404 1258 3458 131.

143 3472 308 3534 deterruit.
320 3472 368 3528 stc
389 3470 432 3533 ib·
446 3489 469 3524 ι.
481 3480 510 3528 et
520 3491 545 3529 a.
556 3471 597 3530 ad
606 3473 684 3528 Atti·
703 3467 705 3495 ⁹
718 3469 925 3526 tueturblbini
936 3470 1104 3534 institutum,
1115 3469 1253 3529 sedCato
1298 3495 1301 3512 ι

154 3560 233 3599 cum.
250 3543 285 3597 L.
302 3538 448 3603 Lucullus
463 3542 597 3596 historias
618 3559 684 3600 suaa
718 3558 778 3594 non
796 3538 987 3612 reprehendit
998 3538 1252 3611 Albinum,‘quod

154 3612 269 3668 Graece
298 3610 484 3681 conscripsit.
507 3612 566 3667 Cic.
583 3608 636 3667 lib.
658 3628 682 3663 s.
719 3609 831 3662 Graece
848 3609 998 3681 scripserit
1015 3609 1251 3677 ResRomanas5
1292 3658 1295 3663 .

155 3683 243 3756 epist.
268 3698 309 3751 ¹9·
328 3680 369 3735 ad
393 3680 544 3743 Atticum,
569 3690 684 3733 etcum
719 3674 770 3731 sed
787 3675 867 3749 quod
886 3691 903 3728 a
925 3678 1041 3730 nemine
1062 3677 1250 3731 Graecorum

154 3751 279 3807 Sisenna
302 3748 439 3803 historico
466 3749 545 3803 serio
563 3736 689 3802 conten-⁸
720 3743 755 3799 ad
773 3741 826 3797 bac
841 3745 941 3818 lingua
957 3743 1095 3799 utendum
1116 3745 1250 3828 compul-

107 3862 109 3866 .
156 3816 234 3872 disse
251 3817 377 3882 dicitur,
405 3833 549 3891 prossus,
578 3834 614 3870 an
633 3834 685 3872 nu.
719 3814 890 3886 suslinguae
901 3815 1032 3869 Graecae
1049 3814 1252 3888 ignorantiam

117 3926 122 3937 ,
155 3887 246 3941 meris
270 3885 402 3940 adstricta
422 3887 574 3952 oratione,
594 3886 684 3941 Grae.
710 3883 876 3938 «excusaret.
961 3933 962 3937 ,

70 4008 73 4027 s
114 3979 116 3982 ’
157 3955 208 4017 ba,
227 3954 385 4018 Latinave,
404 3955 606 4009 conscriberet
622 3954 685 4010 bel·

154 4023 215 4077 lum
224 4022 392 4090 Marsicunu
412 4032 441 4075 st
450 4022 585 4078 sortitum
595 4025 685 4079 Grac·
753 4023 766 4085 (
772 4042 803 4095 p.
819 4019 904 4088 785.)
926 4017 1103 4091 Principio]
1130 3985 1251 4075 blacrm

154 4106 219 4146 cam
234 4090 411 4155 orationem,
434 4090 619 4147 Plutarchus
636 4112 685 4147 au·
718 4088 784 4146 hius
796 4091 905 4165 primo.
925 4087 1073 4142 utstatim:
1093 4089 1122 4142 si
1135 4089 1251 4161 quidin

157 4169 225 4216 otor
240 4158 290 4214 est:
311 4176 397 4236 quam
412 4160 476 4238 ipse
493 4159 641 4217 historiam
656 4179 684 4219 e·
718 4159 793 4243 iltis,
806 4157 903 4216 libris.
940 4162 1053 4217 Verum
1074 4158 1252 4227 Macrobius

188 4365 200 4396 l
954 4384 958 4399 ι

427 4413 460 4445 ,ι
990 4400 1026 4428 ‘⁴
