<?xml version="1.0" encoding="UTF-8"?>
<!DOCTYPE html PUBLIC "-//W3C//DTD XHTML 1.0 Transitional//EN"
    "http://www.w3.org/TR/xhtml1/DTD/xhtml1-transitional.dtd">
<html xmlns="http://www.w3.org/1999/xhtml" xml:lang="en" lang="en">
 <head>
  <title>
</title>
<meta http-equiv="Content-Type" content="text/html;charset=utf-8" />
  <meta name='ocr-system' content='tesseract 3.04.00' />
  <meta name='ocr-capabilities' content='ocr_page ocr_carea ocr_par ocr_line ocrx_word'/>
</head>
<body>
  <div class='ocr_page' id='page_1' title='image "./corneliinepotis00bosegoog_0415.png"; bbox 0 0 2610 4650; ppageno 0'>
   <div class='ocr_carea' id='block_1_1' title="bbox 481 144 485 169">
    <p class='ocr_par' dir='ltr' id='par_1_1' title="bbox 481 144 485 169">
     <span class='ocr_line' id='line_1_1' title="bbox 481 144 485 169; baseline 0 0"><span class='ocrx_word' id='word_1_1' title='bbox 481 144 485 169; x_wconf 87' lang='lat' dir='ltr'><strong><em>i</em></strong></span> 
     </span>
    </p>
   </div>
   <div class='ocr_carea' id='block_1_2' title="bbox 63 244 1153 456">
    <p class='ocr_par' dir='ltr' id='par_1_2' title="bbox 63 244 1153 456">
     <span class='ocr_line' id='line_1_2' title="bbox 257 244 1153 369; baseline 0.008 -33"><span class='ocrx_word' id='word_1_2' title='bbox 257 244 567 337; x_wconf 78' lang='lat' dir='ltr'><strong><em>nauuu&#39;nr</em></strong></span> <span class='ocrx_word' id='word_1_3' title='bbox 605 256 973 341; x_wconf 69' lang='lat' dir='ltr'><strong>vernonum.</strong></span> <span class='ocrx_word' id='word_1_4' title='bbox 1029 365 1031 369; x_wconf 16' lang='grc' dir='ltr'>Ι</span> <span class='ocrx_word' id='word_1_5' title='bbox 1092 275 1153 360; x_wconf 71' lang='lat'><strong><em>504</em></strong></span> 
     </span>
     <span class='ocr_line' id='line_1_3' title="bbox 63 414 1141 456; baseline 0.007 0"><span class='ocrx_word' id='word_1_6' title='bbox 63 414 1141 456; x_wconf 29' lang='lat' dir='ltr'><strong><em>&amp;W</em></strong></span> 
     </span>
    </p>
   </div>
   <div class='ocr_carea' id='block_1_3' title="bbox 60 490 592 773">
    <p class='ocr_par' dir='ltr' id='par_1_3' title="bbox 60 490 592 773">
     <span class='ocr_line' id='line_1_4' title="bbox 60 490 592 566; baseline 0 -18"><span class='ocrx_word' id='word_1_7' title='bbox 60 490 245 566; x_wconf 86' lang='lat' dir='ltr'><strong><em>[crudeliter</em></strong></span> <span class='ocrx_word' id='word_1_8' title='bbox 265 494 410 564; x_wconf 86' lang='lat' dir='ltr'><strong>imperare</strong></span> <span class='ocrx_word' id='word_1_9' title='bbox 430 495 457 559; x_wconf 91' lang='lat'><strong><em>4,</em></strong></span> <span class='ocrx_word' id='word_1_10' title='bbox 475 496 502 557; x_wconf 99' lang='lat'><strong><em>3,</em></strong></span> <span class='ocrx_word' id='word_1_11' title='bbox 519 493 547 548; x_wconf 88' lang='lat'><strong><em>3.</em></strong></span> <span class='ocrx_word' id='word_1_12' title='bbox 563 511 592 548; x_wconf 82' lang='lat' dir='ltr'><strong>a·</strong></span> 
     </span>
     <span class='ocr_line' id='line_1_5' title="bbox 98 562 592 696; baseline -0.006 -9"><span class='ocrx_word' id='word_1_13' title='bbox 98 562 592 696; x_wconf 44' lang='grc' dir='ltr'><strong><em>ἕῗέιὲῗῗῖἑῗῗῗ433ξὲ.ῗίεέιίἐὲ</em></strong></span> 
     </span>
     <span class='ocr_line' id='line_1_6' title="bbox 99 699 412 773; baseline -0.006 -17"><span class='ocrx_word' id='word_1_14' title='bbox 99 717 132 756; x_wconf 77' lang='lat' dir='ltr'><strong><em>ee</em></strong></span> <span class='ocrx_word' id='word_1_15' title='bbox 149 715 253 773; x_wconf 80' lang='lat' dir='ltr'>gerere</span> <span class='ocrx_word' id='word_1_16' title='bbox 269 699 310 764; x_wconf 80' lang='lat'>18,</span> <span class='ocrx_word' id='word_1_17' title='bbox 327 699 354 761; x_wconf 85' lang='lat'>6,</span> <span class='ocrx_word' id='word_1_18' title='bbox 367 699 412 758; x_wconf 78' lang='lat'>3]</span> 
     </span>
    </p>
   </div>
   <div class='ocr_carea' id='block_1_4' title="bbox 62 815 621 1163">
    <p class='ocr_par' dir='ltr' id='par_1_4' title="bbox 62 815 590 957">
     <span class='ocr_line' id='line_1_7' title="bbox 62 815 590 888; baseline -0.002 -17"><span class='ocrx_word' id='word_1_19' title='bbox 62 816 223 872; x_wconf 83' lang='lat' dir='ltr'><strong><em>erudelitas</em></strong></span> <span class='ocrx_word' id='word_1_20' title='bbox 238 816 377 888; x_wconf 81' lang='lat' dir='ltr'><strong>Lysandri</strong></span> <span class='ocrx_word' id='word_1_21' title='bbox 394 818 420 881; x_wconf 86' lang='lat'>6,</span> <span class='ocrx_word' id='word_1_22' title='bbox 440 834 465 880; x_wconf 78' lang='lat' dir='ltr'><strong><em>a,</em></strong></span> <span class='ocrx_word' id='word_1_23' title='bbox 481 834 504 869; x_wconf 93' lang='grc' dir='ltr'><strong><em>ι.</em></strong></span> <span class='ocrx_word' id='word_1_24' title='bbox 520 815 590 885; x_wconf 84' lang='lat' dir='ltr'><strong>[ni.</strong></span> 
     </span>
     <span class='ocr_line' id='line_1_8' title="bbox 100 883 588 957; baseline 0 -18"><span class='ocrx_word' id='word_1_25' title='bbox 100 887 195 957; x_wconf 78' lang='lat' dir='ltr'><strong><em>anysii</em></strong></span> <span class='ocrx_word' id='word_1_26' title='bbox 207 903 277 951; x_wconf 87' lang='lat'>10,1,</span> <span class='ocrx_word' id='word_1_27' title='bbox 286 887 312 942; x_wconf 92' lang='lat'><strong><em>3.</em></strong></span> <span class='ocrx_word' id='word_1_28' title='bbox 323 885 360 937; x_wconf 81' lang='lat' dir='ltr'><strong><em>eii</em></strong></span> <span class='ocrx_word' id='word_1_29' title='bbox 373 886 402 937; x_wconf 91' lang='lat' dir='ltr'><strong><em>in</em></strong></span> <span class='ocrx_word' id='word_1_30' title='bbox 411 883 588 949; x_wconf 84' lang='lat' dir='ltr'><strong><em>victoriano,</em></strong></span> 
     </span>
    </p>

    <p class='ocr_par' dir='ltr' id='par_1_5' title="bbox 78 954 621 1163">
     <span class='ocr_line' id='line_1_9' title="bbox 78 954 589 1026; baseline 0.002 -18"><span class='ocrx_word' id='word_1_31' title='bbox 78 988 82 1003; x_wconf 63' lang='grc' dir='ltr'>ι</span> <span class='ocrx_word' id='word_1_32' title='bbox 98 971 127 1021; x_wconf 80' lang='lat' dir='ltr'><strong><em>e,</em></strong></span> <span class='ocrx_word' id='word_1_33' title='bbox 141 973 166 1008; x_wconf 83' lang='lat' dir='ltr'><strong>a.</strong></span> <span class='ocrx_word' id='word_1_34' title='bbox 177 954 331 1009; x_wconf 87' lang='lat' dir='ltr'><strong><em>erudelitas</em></strong></span> <span class='ocrx_word' id='word_1_35' title='bbox 340 954 447 1008; x_wconf 86' lang='lat' dir='ltr'><strong><em>civium</em></strong></span> <span class='ocrx_word' id='word_1_36' title='bbox 458 964 527 1026; x_wconf 81' lang='lat' dir='ltr'><strong>erga</strong></span> <span class='ocrx_word' id='word_1_37' title='bbox 535 973 589 1010; x_wconf 86' lang='lat' dir='ltr'><strong><em>no·</em></strong></span> 
     </span>
     <span class='ocr_line' id='line_1_10' title="bbox 95 1020 621 1094; baseline -0.002 -18"><span class='ocrx_word' id='word_1_38' title='bbox 95 1022 172 1077; x_wconf 83' lang='lat' dir='ltr'><strong><em>biles</em></strong></span> <span class='ocrx_word' id='word_1_39' title='bbox 188 1041 216 1092; x_wconf 86' lang='lat'>7,</span> <span class='ocrx_word' id='word_1_40' title='bbox 235 1026 263 1089; x_wconf 90' lang='lat'><strong><em>4,</em></strong></span> <span class='ocrx_word' id='word_1_41' title='bbox 281 1027 307 1089; x_wconf 97' lang='lat'><strong><em>4.</em></strong></span> <span class='ocrx_word' id='word_1_42' title='bbox 329 1020 529 1094; x_wconf 73' lang='lat' dir='ltr'>[crudelitatis</span> <span class='ocrx_word' id='word_1_43' title='bbox 545 1040 592 1076; x_wconf 84' lang='lat' dir='ltr'><strong><em>su·</em></strong></span> <span class='ocrx_word' id='word_1_44' title='bbox 614 1078 621 1083; x_wconf 70' lang='grc'>,</span> 
     </span>
     <span class='ocr_line' id='line_1_11' title="bbox 96 1089 470 1163; baseline -0.005 -19"><span class='ocrx_word' id='word_1_45' title='bbox 96 1091 227 1163; x_wconf 84' lang='lat' dir='ltr'><strong><em>perieris</em></strong></span> <span class='ocrx_word' id='word_1_46' title='bbox 243 1107 326 1148; x_wconf 86' lang='lat' dir='ltr'><strong>more</strong></span> <span class='ocrx_word' id='word_1_47' title='bbox 339 1089 367 1159; x_wconf 83' lang='lat'>8,</span> <span class='ocrx_word' id='word_1_48' title='bbox 383 1091 410 1156; x_wconf 93' lang='lat'><strong><em>3,</em></strong></span> <span class='ocrx_word' id='word_1_49' title='bbox 427 1096 470 1151; x_wconf 93' lang='grc' dir='ltr'>ι.]</span> 
     </span>
    </p>
   </div>
   <div class='ocr_carea' id='block_1_5' title="bbox 10 1199 590 1402">
    <p class='ocr_par' dir='ltr' id='par_1_6' title="bbox 10 1199 590 1402">
     <span class='ocr_line' id='line_1_12' title="bbox 61 1199 587 1271; baseline 0 -17"><span class='ocrx_word' id='word_1_50' title='bbox 61 1210 220 1256; x_wconf 76' lang='lat' dir='ltr'><strong>cruentare</strong></span> <span class='ocrx_word' id='word_1_51' title='bbox 238 1216 338 1252; x_wconf 86' lang='lat' dir='ltr'><strong><em>manus</em></strong></span> <span class='ocrx_word' id='word_1_52' title='bbox 363 1199 502 1271; x_wconf 81' lang='lat' dir='ltr'><strong><em>sanguine</em></strong></span> <span class='ocrx_word' id='word_1_53' title='bbox 521 1217 587 1254; x_wconf 87' lang='lat' dir='ltr'><strong><em>suo-</em></strong></span> 
     </span>
     <span class='ocr_line' id='line_1_13' title="bbox 96 1265 590 1343; baseline 0.006 -23"><span class='ocrx_word' id='word_1_54' title='bbox 96 1286 180 1341; x_wconf 83' lang='lat' dir='ltr'><strong><em>rum,</em></strong></span> <span class='ocrx_word' id='word_1_55' title='bbox 203 1265 243 1323; x_wconf 86' lang='lat' dir='ltr'><strong><em>de</em></strong></span> <span class='ocrx_word' id='word_1_56' title='bbox 264 1268 320 1330; x_wconf 89' lang='lat' dir='ltr'><strong><em>iis,</em></strong></span> <span class='ocrx_word' id='word_1_57' title='bbox 345 1269 394 1343; x_wconf 75' lang='lat' dir='ltr'><strong><em>qui</em></strong></span> <span class='ocrx_word' id='word_1_58' title='bbox 409 1285 440 1322; x_wconf 88' lang='lat' dir='ltr'><strong><em>se</em></strong></span> <span class='ocrx_word' id='word_1_59' title='bbox 462 1269 590 1325; x_wconf 73' lang='lat' dir='ltr'><strong><em>risissent</em></strong></span> 
     </span>
     <span class='ocr_line' id='line_1_14' title="bbox 10 1333 510 1402; baseline -0.002 -11"><span class='ocrx_word' id='word_1_60' title='bbox 10 1334 19 1343; x_wconf 83' lang='grc'><strong>“</strong></span> <span class='ocrx_word' id='word_1_61' title='bbox 97 1334 186 1393; x_wconf 80' lang='lat' dir='ltr'><strong><em>tettis</em></strong></span> <span class='ocrx_word' id='word_1_62' title='bbox 208 1333 346 1392; x_wconf 76' lang='lat' dir='ltr'><strong><em>ciuilibus</em></strong></span> <span class='ocrx_word' id='word_1_63' title='bbox 365 1338 406 1400; x_wconf 80' lang='lat'>15,</span> <span class='ocrx_word' id='word_1_64' title='bbox 425 1353 466 1402; x_wconf 88' lang='grc' dir='ltr'><strong><em>ιο,</em></strong></span> <span class='ocrx_word' id='word_1_65' title='bbox 484 1338 510 1392; x_wconf 91' lang='lat'><strong><em>3.</em></strong></span> 
     </span>
    </p>
   </div>
   <div class='ocr_carea' id='block_1_6' title="bbox 59 1441 589 1585">
    <p class='ocr_par' dir='ltr' id='par_1_7' title="bbox 59 1441 589 1585">
     <span class='ocr_line' id='line_1_15' title="bbox 59 1441 589 1584; baseline 0.004 -86"><span class='ocrx_word' id='word_1_66' title='bbox 59 1441 237 1584; x_wconf 43' lang='lat' dir='ltr'><strong><em>[eubznffern</em></strong></span> <span class='ocrx_word' id='word_1_67' title='bbox 252 1445 282 1499; x_wconf 91' lang='lat' dir='ltr'><strong><em>in</em></strong></span> <span class='ocrx_word' id='word_1_68' title='bbox 298 1446 375 1537; x_wconf 68' lang='lat' dir='ltr'><strong><em>lecto</em></strong></span> <span class='ocrx_word' id='word_1_69' title='bbox 392 1444 531 1498; x_wconf 87' lang='lat' dir='ltr'><strong><em>invadunt</em></strong></span> <span class='ocrx_word' id='word_1_70' title='bbox 547 1464 589 1518; x_wconf 89' lang='grc' dir='ltr'><strong><em>ιο,</em></strong></span> 
     </span>
     <span class='ocr_line' id='line_1_16' title="bbox 63 1532 167 1585; baseline -0.019 0"><span class='ocrx_word' id='word_1_71' title='bbox 63 1544 68 1549; x_wconf 83' lang='grc'>’</span> <span class='ocrx_word' id='word_1_72' title='bbox 95 1532 125 1585; x_wconf 73' lang='lat'><strong><em>9²</em></strong></span> <span class='ocrx_word' id='word_1_73' title='bbox 159 1552 167 1566; x_wconf 92' lang='lat'><strong>·</strong></span> 
     </span>
    </p>
   </div>
   <div class='ocr_carea' id='block_1_7' title="bbox 20 1602 589 1903">
    <p class='ocr_par' dir='ltr' id='par_1_8' title="bbox 20 1602 589 1903">
     <span class='ocr_line' id='line_1_17' title="bbox 59 1602 588 1690; baseline -0.002 -11"><span class='ocrx_word' id='word_1_74' title='bbox 59 1602 190 1680; x_wconf 74' lang='lat' dir='ltr'><strong><em>cubitui.</em></strong></span> <span class='ocrx_word' id='word_1_75' title='bbox 210 1622 241 1675; x_wconf 94' lang='lat' dir='ltr'><strong><em>in</em></strong></span> <span class='ocrx_word' id='word_1_76' title='bbox 258 1622 389 1677; x_wconf 85' lang='lat' dir='ltr'><strong><em>cubitum</em></strong></span> <span class='ocrx_word' id='word_1_77' title='bbox 408 1623 523 1679; x_wconf 80' lang='lat' dir='ltr'><strong><em>innixus</em></strong></span> <span class='ocrx_word' id='word_1_78' title='bbox 544 1624 588 1690; x_wconf 77' lang='lat' dir='ltr'><strong><em>ab,</em></strong></span> 
     </span>
     <span class='ocr_line' id='line_1_18' title="bbox 20 1689 587 1759; baseline -0.012 -8"><span class='ocrx_word' id='word_1_79' title='bbox 20 1744 24 1751; x_wconf 87' lang='grc'><strong>.</strong></span> <span class='ocrx_word' id='word_1_80' title='bbox 96 1711 141 1759; x_wconf 73' lang='grc' dir='ltr'><strong><em>οι,</em></strong></span> <span class='ocrx_word' id='word_1_81' title='bbox 160 1694 188 1749; x_wconf 77' lang='lat'><strong><em>5.</em></strong></span> <span class='ocrx_word' id='word_1_82' title='bbox 205 1689 350 1748; x_wconf 86' lang='lat' dir='ltr'><strong><em>Petronio</em></strong></span> <span class='ocrx_word' id='word_1_83' title='bbox 365 1703 478 1748; x_wconf 88' lang='lat' dir='ltr'><strong><em>erectus</em></strong></span> <span class='ocrx_word' id='word_1_84' title='bbox 494 1695 522 1744; x_wconf 91' lang='lat' dir='ltr'><strong><em>in</em></strong></span> <span class='ocrx_word' id='word_1_85' title='bbox 540 1711 587 1744; x_wconf 82' lang='lat' dir='ltr'><strong><em>eu-</em></strong></span> 
     </span>
     <span class='ocr_line' id='line_1_19' title="bbox 94 1759 589 1834; baseline -0.002 -19"><span class='ocrx_word' id='word_1_86' title='bbox 94 1760 201 1815; x_wconf 82' lang='lat' dir='ltr'><strong>bitum.</strong></span> <span class='ocrx_word' id='word_1_87' title='bbox 215 1759 345 1815; x_wconf 79' lang='lat' dir='ltr'><strong><em>Habitus</em></strong></span> <span class='ocrx_word' id='word_1_88' title='bbox 359 1778 390 1816; x_wconf 91' lang='lat' dir='ltr'><strong><em>se</em></strong></span> <span class='ocrx_word' id='word_1_89' title='bbox 404 1762 589 1834; x_wconf 78' lang='lat' dir='ltr'><strong><em>erigentium</em></strong></span> 
     </span>
     <span class='ocr_line' id='line_1_20' title="bbox 93 1827 460 1903; baseline -0.005 -18"><span class='ocrx_word' id='word_1_90' title='bbox 93 1835 124 1886; x_wconf 81' lang='lat' dir='ltr'><strong><em>ei</em></strong></span> <span class='ocrx_word' id='word_1_91' title='bbox 140 1827 222 1903; x_wconf 76' lang='lat' dir='ltr'><strong><em>loqui</em></strong></span> <span class='ocrx_word' id='word_1_92' title='bbox 237 1828 460 1903; x_wconf 75' lang='lat' dir='ltr'><strong><em>incipientium.</em></strong></span> 
     </span>
    </p>
   </div>
   <div class='ocr_carea' id='block_1_8' title="bbox 19 1952 588 2305">
    <p class='ocr_par' dir='ltr' id='par_1_9' title="bbox 19 1952 588 2305">
     <span class='ocr_line' id='line_1_21' title="bbox 59 1952 587 2026; baseline -0.008 -14"><span class='ocrx_word' id='word_1_93' title='bbox 59 1955 151 2012; x_wconf 77' lang='lat' dir='ltr'><strong><em>cullei</em></strong></span> <span class='ocrx_word' id='word_1_94' title='bbox 166 1972 182 2008; x_wconf 89' lang='lat' dir='ltr'><strong>a</strong></span> <span class='ocrx_word' id='word_1_95' title='bbox 198 1952 283 2009; x_wconf 83' lang='lat' dir='ltr'><strong><em>milit.</em></strong></span> <span class='ocrx_word' id='word_1_96' title='bbox 296 1955 475 2026; x_wconf 87' lang='lat' dir='ltr'><strong>comparati,</strong></span> <span class='ocrx_word' id='word_1_97' title='bbox 495 1954 587 2021; x_wconf 64' lang='lat' dir='ltr'><strong>sacer,</strong></span> 
     </span>
     <span class='ocr_line' id='line_1_22' title="bbox 93 2023 588 2086; baseline 0 -8"><span class='ocrx_word' id='word_1_98' title='bbox 93 2040 158 2079; x_wconf 82' lang='lat' dir='ltr'><strong><em>unu</em></strong></span> <span class='ocrx_word' id='word_1_99' title='bbox 177 2043 245 2081; x_wconf 88' lang='lat' dir='ltr'><strong><em>cum</em></strong></span> <span class='ocrx_word' id='word_1_100' title='bbox 261 2023 393 2086; x_wconf 87' lang='lat' dir='ltr'><strong><em>utribus,</em></strong></span> <span class='ocrx_word' id='word_1_101' title='bbox 419 2024 500 2078; x_wconf 85' lang='lat' dir='ltr'><strong><em>iuter</em></strong></span> <span class='ocrx_word' id='word_1_102' title='bbox 515 2040 588 2078; x_wconf 83' lang='lat' dir='ltr'><strong><em>unsa</em></strong></span> 
     </span>
     <span class='ocr_line' id='line_1_23' title="bbox 93 2086 586 2169; baseline -0.004 -22"><span class='ocrx_word' id='word_1_103' title='bbox 93 2090 265 2161; x_wconf 85' lang='lat' dir='ltr'><strong><em>militaria,</em></strong></span> <span class='ocrx_word' id='word_1_104' title='bbox 288 2086 471 2169; x_wconf 74' lang='lat' dir='ltr'><strong><em>trajiciendo</em></strong></span> <span class='ocrx_word' id='word_1_105' title='bbox 491 2093 586 2147; x_wconf 85' lang='lat' dir='ltr'><strong><em>amni.</em></strong></span> 
     </span>
     <span class='ocr_line' id='line_1_24' title="bbox 95 2162 587 2233; baseline 0 -19"><span class='ocrx_word' id='word_1_106' title='bbox 95 2162 212 2220; x_wconf 89' lang='lat' dir='ltr'><strong><em>[immo</em></strong></span> <span class='ocrx_word' id='word_1_107' title='bbox 239 2180 306 2216; x_wconf 81' lang='lat' dir='ltr'><strong><em>uero</em></strong></span> <span class='ocrx_word' id='word_1_108' title='bbox 334 2179 431 2233; x_wconf 85' lang='lat' dir='ltr'><strong>aquae</strong></span> <span class='ocrx_word' id='word_1_109' title='bbox 457 2179 587 2215; x_wconf 86' lang='lat' dir='ltr'><strong><em>commo·</em></strong></span> 
     </span>
     <span class='ocr_line' id='line_1_25' title="bbox 19 2227 548 2305; baseline 0.004 -23"><span class='ocrx_word' id='word_1_110' title='bbox 19 2234 26 2249; x_wconf 92' lang='grc'><strong>“</strong></span> <span class='ocrx_word' id='word_1_111' title='bbox 93 2227 166 2299; x_wconf 69' lang='lat' dir='ltr'><strong><em>eiius</em></strong></span> <span class='ocrx_word' id='word_1_112' title='bbox 175 2228 355 2304; x_wconf 82' lang='lat' dir='ltr'><strong>portandae.</strong></span> <span class='ocrx_word' id='word_1_113' title='bbox 364 2236 375 2289; x_wconf 94' lang='grc'>]</span> <span class='ocrx_word' id='word_1_114' title='bbox 397 2229 438 2294; x_wconf 81' lang='lat'>18,</span> <span class='ocrx_word' id='word_1_115' title='bbox 454 2229 482 2295; x_wconf 91' lang='grc'><strong><em>8,</em></strong></span> <span class='ocrx_word' id='word_1_116' title='bbox 500 2247 527 2296; x_wconf 83' lang='lat'><strong><em>7.</em></strong></span> <span class='ocrx_word' id='word_1_117' title='bbox 540 2290 548 2305; x_wconf 27' lang='grc' dir='ltr'><strong><em>ι,</em></strong></span> 
     </span>
    </p>
   </div>
   <div class='ocr_carea' id='block_1_9' title="bbox 44 2361 589 2717">
    <p class='ocr_par' dir='ltr' id='par_1_10' title="bbox 44 2361 589 2717">
     <span class='ocr_line' id='line_1_26' title="bbox 57 2361 589 2436; baseline 0.004 -19"><span class='ocrx_word' id='word_1_118' title='bbox 57 2362 166 2436; x_wconf 79' lang='lat' dir='ltr'><strong><em>eulpae</em></strong></span> <span class='ocrx_word' id='word_1_119' title='bbox 176 2380 244 2419; x_wconf 85' lang='lat' dir='ltr'><strong><em>suae</em></strong></span> <span class='ocrx_word' id='word_1_120' title='bbox 253 2365 387 2418; x_wconf 77' lang='lat' dir='ltr'><strong><em>&#39;tribuere</em></strong></span> <span class='ocrx_word' id='word_1_121' title='bbox 398 2361 520 2436; x_wconf 88' lang='lat' dir='ltr'><strong><em>aliquid,</em></strong></span> <span class='ocrx_word' id='word_1_122' title='bbox 538 2365 589 2423; x_wconf 86' lang='lat' dir='ltr'><strong><em>[si-</em></strong></span> 
     </span>
     <span class='ocr_line' id='line_1_27' title="bbox 94 2430 588 2504; baseline 0.004 -17"><span class='ocrx_word' id='word_1_123' title='bbox 94 2430 128 2487; x_wconf 86' lang='lat' dir='ltr'><strong><em>bi</em></strong></span> <span class='ocrx_word' id='word_1_124' title='bbox 141 2433 239 2504; x_wconf 87' lang='lat' dir='ltr'><strong><em>ipsum</em></strong></span> <span class='ocrx_word' id='word_1_125' title='bbox 255 2431 332 2487; x_wconf 85' lang='lat' dir='ltr'><strong><em>muli</em></strong></span> <span class='ocrx_word' id='word_1_126' title='bbox 353 2450 477 2488; x_wconf 85' lang='lat' dir='ltr'><strong><em>eausam</em></strong></span> <span class='ocrx_word' id='word_1_127' title='bbox 487 2432 588 2503; x_wconf 83' lang='lat' dir='ltr'><strong><em>fuisse</em></strong></span> 
     </span>
     <span class='ocr_line' id='line_1_28' title="bbox 92 2498 586 2571; baseline 0 -16"><span class='ocrx_word' id='word_1_128' title='bbox 92 2498 205 2565; x_wconf 78' lang='lat' dir='ltr'><strong><em>uideri]</em></strong></span> <span class='ocrx_word' id='word_1_129' title='bbox 224 2520 251 2571; x_wconf 91' lang='lat'>7,</span> <span class='ocrx_word' id='word_1_130' title='bbox 268 2503 294 2564; x_wconf 88' lang='lat' dir='ltr'><strong><em>b,</em></strong></span> <span class='ocrx_word' id='word_1_131' title='bbox 314 2524 338 2558; x_wconf 78' lang='grc' dir='ltr'><strong><em>ι.</em></strong></span> <span class='ocrx_word' id='word_1_132' title='bbox 353 2501 474 2566; x_wconf 85' lang='lat' dir='ltr'><strong><em>alicujus</em></strong></span> <span class='ocrx_word' id='word_1_133' title='bbox 489 2502 586 2555; x_wconf 86' lang='lat' dir='ltr'><strong><em>omnia</em></strong></span> 
     </span>
     <span class='ocr_line' id='line_1_29' title="bbox 91 2569 586 2642; baseline 0.004 -21"><span class='ocrx_word' id='word_1_134' title='bbox 91 2569 226 2623; x_wconf 89' lang='lat' dir='ltr'><strong><em>tribuere</em></strong></span> <span class='ocrx_word' id='word_1_135' title='bbox 239 2588 266 2638; x_wconf 88' lang='lat'><strong><em>7,</em></strong></span> <span class='ocrx_word' id='word_1_136' title='bbox 281 2586 307 2637; x_wconf 89' lang='lat'><strong><em>7,</em></strong></span> <span class='ocrx_word' id='word_1_137' title='bbox 325 2587 350 2632; x_wconf 86' lang='lat' dir='ltr'><strong><em>a,</em></strong></span> <span class='ocrx_word' id='word_1_138' title='bbox 365 2570 449 2642; x_wconf 80' lang='lat' dir='ltr'><strong>culpa</strong></span> <span class='ocrx_word' id='word_1_139' title='bbox 462 2570 513 2623; x_wconf 79' lang='lat' dir='ltr'><strong><em>sita</em></strong></span> <span class='ocrx_word' id='word_1_140' title='bbox 523 2585 586 2623; x_wconf 87' lang='lat' dir='ltr'><strong>rem</strong></span> 
     </span>
     <span class='ocr_line' id='line_1_30' title="bbox 44 2639 488 2717; baseline 0.007 -29"><span class='ocrx_word' id='word_1_141' title='bbox 44 2698 50 2717; x_wconf 29' lang='grc' dir='ltr'>ὓ</span> <span class='ocrx_word' id='word_1_142' title='bbox 90 2639 168 2690; x_wconf 86' lang='lat' dir='ltr'><strong>male</strong></span> <span class='ocrx_word' id='word_1_143' title='bbox 184 2653 289 2710; x_wconf 81' lang='lat' dir='ltr'><strong>gerere</strong></span> <span class='ocrx_word' id='word_1_144' title='bbox 307 2656 348 2703; x_wconf 93' lang='grc' dir='ltr'><strong><em>ιι,</em></strong></span> <span class='ocrx_word' id='word_1_145' title='bbox 368 2657 392 2702; x_wconf 87' lang='grc' dir='ltr'><strong><em>ι,</em></strong></span> <span class='ocrx_word' id='word_1_146' title='bbox 412 2656 438 2693; x_wconf 83' lang='lat' dir='ltr'><strong><em>n.</em></strong></span> <span class='ocrx_word' id='word_1_147' title='bbox 486 2705 488 2709; x_wconf 23' lang='grc' dir='ltr'>Ι</span> 
     </span>
    </p>
   </div>
   <div class='ocr_carea' id='block_1_10' title="bbox 20 2741 600 3426">
    <p class='ocr_par' dir='ltr' id='par_1_11' title="bbox 20 2741 600 3426">
     <span class='ocr_line' id='line_1_31' title="bbox 20 2741 587 2816; baseline 0.007 -19"><span class='ocrx_word' id='word_1_148' title='bbox 20 2808 24 2815; x_wconf 42' lang='grc'>,</span> <span class='ocrx_word' id='word_1_149' title='bbox 53 2744 153 2798; x_wconf 74' lang='lat' dir='ltr'><strong><em>cultris</em></strong></span> <span class='ocrx_word' id='word_1_150' title='bbox 163 2741 348 2811; x_wconf 79' lang='lat' dir='ltr'><strong><em>domesticus,</em></strong></span> <span class='ocrx_word' id='word_1_151' title='bbox 367 2764 438 2800; x_wconf 90' lang='lat' dir='ltr'><strong><em>usus</em></strong></span> <span class='ocrx_word' id='word_1_152' title='bbox 439 2745 587 2816; x_wconf 79' lang='lat' dir='ltr'><strong><em>santiliae</em></strong></span> 
     </span>
     <span class='ocr_line' id='line_1_32' title="bbox 91 2811 585 2885; baseline 0.002 -20"><span class='ocrx_word' id='word_1_153' title='bbox 91 2814 134 2873; x_wconf 77' lang='lat'><strong><em>25,</em></strong></span> <span class='ocrx_word' id='word_1_154' title='bbox 161 2811 208 2874; x_wconf 75' lang='lat'>13,</span> <span class='ocrx_word' id='word_1_155' title='bbox 223 2817 249 2880; x_wconf 90' lang='lat'><strong><em>4.</em></strong></span> <span class='ocrx_word' id='word_1_156' title='bbox 268 2813 455 2885; x_wconf 89' lang='lat' dir='ltr'><strong><em>quotidianus</em></strong></span> <span class='ocrx_word' id='word_1_157' title='bbox 481 2819 523 2878; x_wconf 80' lang='lat'>25,</span> <span class='ocrx_word' id='word_1_158' title='bbox 543 2819 585 2882; x_wconf 87' lang='lat'><strong><em>14,</em></strong></span> 
     </span>
     <span class='ocr_line' id='line_1_33' title="bbox 91 2881 585 2954; baseline 0.008 -20"><span class='ocrx_word' id='word_1_159' title='bbox 91 2898 118 2934; x_wconf 82' lang='lat' dir='ltr'><strong>a.</strong></span> <span class='ocrx_word' id='word_1_160' title='bbox 139 2881 248 2934; x_wconf 86' lang='lat' dir='ltr'><strong><em>cultum</em></strong></span> <span class='ocrx_word' id='word_1_161' title='bbox 266 2882 456 2954; x_wconf 86' lang='lat' dir='ltr'><strong><em>vestitumque</em></strong></span> <span class='ocrx_word' id='word_1_162' title='bbox 472 2893 585 2938; x_wconf 84' lang='lat' dir='ltr'><strong>mutare</strong></span> 
     </span>
     <span class='ocr_line' id='line_1_34' title="bbox 88 2949 586 3022; baseline 0.002 -20"><span class='ocrx_word' id='word_1_163' title='bbox 88 2951 118 3016; x_wconf 83' lang='lat'><strong><em>4,</em></strong></span> <span class='ocrx_word' id='word_1_164' title='bbox 144 2949 172 3012; x_wconf 84' lang='grc'><strong><em>3,</em></strong></span> <span class='ocrx_word' id='word_1_165' title='bbox 193 2967 215 3001; x_wconf 92' lang='grc' dir='ltr'><strong><em>ι.</em></strong></span> <span class='ocrx_word' id='word_1_166' title='bbox 239 2950 332 3004; x_wconf 86' lang='lat' dir='ltr'><strong><em>cultus</em></strong></span> <span class='ocrx_word' id='word_1_167' title='bbox 356 2952 536 3022; x_wconf 79' lang='lat' dir='ltr'><strong><em>parsimonia</em></strong></span> <span class='ocrx_word' id='word_1_168' title='bbox 557 2971 586 3019; x_wconf 68' lang='grc' dir='ltr'><strong><em>ιγ,</em></strong></span> 
     </span>
     <span class='ocr_line' id='line_1_35' title="bbox 92 3016 600 3086; baseline 0.008 -18"><span class='ocrx_word' id='word_1_169' title='bbox 92 3035 136 3082; x_wconf 90' lang='grc' dir='ltr'><strong><em>ιι,</em></strong></span> <span class='ocrx_word' id='word_1_170' title='bbox 152 3018 179 3082; x_wconf 90' lang='grc'><strong><em>4.</em></strong></span> <span class='ocrx_word' id='word_1_171' title='bbox 198 3016 255 3071; x_wconf 82' lang='lat' dir='ltr'><strong><em>bac</em></strong></span> <span class='ocrx_word' id='word_1_172' title='bbox 277 3036 344 3074; x_wconf 82' lang='lat' dir='ltr'><strong><em>uoce</em></strong></span> <span class='ocrx_word' id='word_1_173' title='bbox 369 3028 515 3075; x_wconf 85' lang='lat' dir='ltr'><strong>notantur</strong></span> <span class='ocrx_word' id='word_1_174' title='bbox 531 3028 600 3086; x_wconf 79' lang='lat' dir='ltr'><strong><em>ea,</em></strong></span> 
     </span>
     <span class='ocr_line' id='line_1_36' title="bbox 91 3082 583 3160; baseline 0.01 -22"><span class='ocrx_word' id='word_1_175' title='bbox 91 3082 198 3157; x_wconf 85' lang='lat' dir='ltr'><strong><em>quibus</em></strong></span> <span class='ocrx_word' id='word_1_176' title='bbox 213 3087 379 3141; x_wconf 78' lang='lat' dir='ltr'><strong><em>inexterno</em></strong></span> <span class='ocrx_word' id='word_1_177' title='bbox 392 3098 503 3160; x_wconf 86' lang='lat' dir='ltr'><strong>paratu</strong></span> <span class='ocrx_word' id='word_1_178' title='bbox 513 3123 520 3153; x_wconf 91' lang='lat'>,</span> <span class='ocrx_word' id='word_1_179' title='bbox 532 3085 583 3156; x_wconf 84' lang='lat' dir='ltr'><strong><em>sa-</em></strong></span> 
     </span>
     <span class='ocr_line' id='line_1_37' title="bbox 89 3149 587 3220; baseline 0.014 -13"><span class='ocrx_word' id='word_1_180' title='bbox 89 3149 229 3217; x_wconf 76' lang='lat' dir='ltr'><strong><em>matitia,</em></strong></span> <span class='ocrx_word' id='word_1_181' title='bbox 248 3157 370 3220; x_wconf 82' lang='lat' dir='ltr'><strong><em>uestitu,</em></strong></span> <span class='ocrx_word' id='word_1_182' title='bbox 388 3164 416 3210; x_wconf 87' lang='lat' dir='ltr'><strong><em>et</em></strong></span> <span class='ocrx_word' id='word_1_183' title='bbox 436 3156 587 3214; x_wconf 76' lang='lat' dir='ltr'><strong><em>similibus</em></strong></span> 
     </span>
     <span class='ocr_line' id='line_1_38' title="bbox 89 3220 584 3294; baseline 0.012 -19"><span class='ocrx_word' id='word_1_184' title='bbox 89 3220 233 3294; x_wconf 75' lang='lat' dir='ltr'><strong><em>indigent</em></strong></span> <span class='ocrx_word' id='word_1_185' title='bbox 250 3223 404 3289; x_wconf 81' lang='lat' dir='ltr'><strong><em>homines,</em></strong></span> <span class='ocrx_word' id='word_1_186' title='bbox 425 3234 477 3281; x_wconf 86' lang='lat' dir='ltr'><strong><em>aut</em></strong></span> <span class='ocrx_word' id='word_1_187' title='bbox 497 3236 584 3281; x_wconf 84' lang='lat' dir='ltr'><strong><em>utun-</em></strong></span> 
     </span>
     <span class='ocr_line' id='line_1_39' title="bbox 89 3291 585 3368; baseline 0.018 -26"><span class='ocrx_word' id='word_1_188' title='bbox 89 3295 151 3343; x_wconf 86' lang='lat' dir='ltr'><strong><em>tur.</em></strong></span> <span class='ocrx_word' id='word_1_189' title='bbox 166 3291 266 3346; x_wconf 86' lang='lat' dir='ltr'><strong>Boecl.</strong></span> <span class='ocrx_word' id='word_1_190' title='bbox 283 3293 375 3346; x_wconf 84' lang='lat' dir='ltr'><strong><em>nultus</em></strong></span> <span class='ocrx_word' id='word_1_191' title='bbox 387 3297 496 3368; x_wconf 82' lang='lat' dir='ltr'><strong><em>regius,</em></strong></span> <span class='ocrx_word' id='word_1_192' title='bbox 511 3314 585 3350; x_wconf 76' lang='lat' dir='ltr'><strong><em>mox</em></strong></span> 
     </span>
     <span class='ocr_line' id='line_1_40' title="bbox 89 3361 358 3426; baseline 0.011 -16"><span class='ocrx_word' id='word_1_193' title='bbox 89 3368 211 3411; x_wconf 80' lang='lat' dir='ltr'><strong>ornatus</strong></span> <span class='ocrx_word' id='word_1_194' title='bbox 230 3363 271 3426; x_wconf 88' lang='lat'><strong><em>14,</em></strong></span> <span class='ocrx_word' id='word_1_195' title='bbox 288 3361 315 3423; x_wconf 91' lang='lat'><strong><em>3,</em></strong></span> <span class='ocrx_word' id='word_1_196' title='bbox 336 3380 358 3413; x_wconf 88' lang='lat'><strong><em>1.</em></strong></span> 
     </span>
    </p>
   </div>
   <div class='ocr_carea' id='block_1_11' title="bbox 54 3481 583 3610">
    <p class='ocr_par' dir='ltr' id='par_1_12' title="bbox 54 3481 583 3610">
     <span class='ocr_line' id='line_1_41' title="bbox 54 3481 583 3610; baseline 0.011 -74"><span class='ocrx_word' id='word_1_197' title='bbox 54 3493 132 3536; x_wconf 84' lang='lat' dir='ltr'><strong><em>eum.</em></strong></span> <span class='ocrx_word' id='word_1_198' title='bbox 146 3481 264 3539; x_wconf 80' lang='lat' dir='ltr'><strong>adverb.</strong></span> <span class='ocrx_word' id='word_1_199' title='bbox 279 3486 431 3610; x_wconf 78' lang='lat' dir='ltr'><strong><em>temporis.</em></strong></span> <span class='ocrx_word' id='word_1_200' title='bbox 446 3506 511 3542; x_wconf 80' lang='lat' dir='ltr'><strong>curn</strong></span> <span class='ocrx_word' id='word_1_201' title='bbox 520 3489 583 3543; x_wconf 83' lang='lat' dir='ltr'><strong><em>bel·</em></strong></span> 
     </span>
    </p>
   </div>
   <div class='ocr_carea' id='block_1_12' title="bbox 21 3550 583 4243">
    <p class='ocr_par' dir='ltr' id='par_1_13' title="bbox 21 3550 583 4243">
     <span class='ocr_line' id='line_1_42' title="bbox 65 3550 582 3629; baseline 0.021 -26"><span class='ocrx_word' id='word_1_202' title='bbox 65 3608 68 3614; x_wconf 54' lang='grc'>,</span> <span class='ocrx_word' id='word_1_203' title='bbox 87 3550 151 3603; x_wconf 86' lang='lat' dir='ltr'><strong><em>lum</em></strong></span> <span class='ocrx_word' id='word_1_204' title='bbox 172 3552 283 3606; x_wconf 77' lang='lat' dir='ltr'><strong><em>inferre</em></strong></span> <span class='ocrx_word' id='word_1_205' title='bbox 301 3575 338 3611; x_wconf 88' lang='lat' dir='ltr'><strong><em>vo</em></strong></span> <span class='ocrx_word' id='word_1_206' title='bbox 352 3558 414 3623; x_wconf 89' lang='lat' dir='ltr'><strong><em>uit,</em></strong></span> <span class='ocrx_word' id='word_1_207' title='bbox 432 3575 488 3629; x_wconf 84' lang='lat' dir='ltr'><strong><em>quo</em></strong></span> <span class='ocrx_word' id='word_1_208' title='bbox 509 3564 582 3628; x_wconf 81' lang='lat' dir='ltr'><strong><em>tem-</em></strong></span> 
     </span>
     <span class='ocr_line' id='line_1_43' title="bbox 86 3622 582 3743; baseline 0.014 -71"><span class='ocrx_word' id='word_1_209' title='bbox 86 3635 162 3689; x_wconf 80' lang='lat' dir='ltr'><strong><em>pere</em></strong></span> <span class='ocrx_word' id='word_1_210' title='bbox 180 3639 221 3687; x_wconf 91' lang='grc' dir='ltr'><strong><em>ιι,</em></strong></span> <span class='ocrx_word' id='word_1_211' title='bbox 238 3640 266 3686; x_wconf 81' lang='lat' dir='ltr'><strong><em>a,</em></strong></span> <span class='ocrx_word' id='word_1_212' title='bbox 281 3627 308 3743; x_wconf 41' lang='lat' dir='ltr'><strong><em>d.</em></strong></span> <span class='ocrx_word' id='word_1_213' title='bbox 324 3622 408 3696; x_wconf 87' lang='lat' dir='ltr'><strong><em>[eum</em></strong></span> <span class='ocrx_word' id='word_1_214' title='bbox 424 3627 528 3698; x_wconf 66' lang='lat' dir='ltr'><strong><em>popiae,</em></strong></span> <span class='ocrx_word' id='word_1_215' title='bbox 543 3624 582 3679; x_wconf 76' lang='lat' dir='ltr'><strong><em>A.</em></strong></span> 
     </span>
     <span class='ocr_line' id='line_1_44' title="bbox 21 3687 581 3764; baseline 0.018 -23"><span class='ocrx_word' id='word_1_216' title='bbox 21 3734 24 3741; x_wconf 95' lang='lat'><strong>.</strong></span> <span class='ocrx_word' id='word_1_217' title='bbox 64 3687 168 3753; x_wconf 58' lang='lat' dir='ltr'><strong><em>‚theut</em></strong></span> <span class='ocrx_word' id='word_1_218' title='bbox 195 3699 261 3744; x_wconf 88' lang='lat' dir='ltr'><strong><em>sunt</em></strong></span> <span class='ocrx_word' id='word_1_219' title='bbox 301 3694 412 3746; x_wconf 80' lang='lat' dir='ltr'><strong><em>evictae</em></strong></span> <span class='ocrx_word' id='word_1_220' title='bbox 435 3713 463 3764; x_wconf 87' lang='lat'>9,</span> <span class='ocrx_word' id='word_1_221' title='bbox 485 3713 510 3759; x_wconf 87' lang='grc' dir='ltr'><strong><em>ι,</em></strong></span> <span class='ocrx_word' id='word_1_222' title='bbox 535 3700 581 3753; x_wconf 76' lang='grc' dir='ltr'><strong><em>ι.]</em></strong></span> 
     </span>
     <span class='ocr_line' id='line_1_45' title="bbox 86 3759 582 3835; baseline 0.02 -26"><span class='ocrx_word' id='word_1_223' title='bbox 86 3773 155 3809; x_wconf 85' lang='lat' dir='ltr'><strong><em>eum</em></strong></span> <span class='ocrx_word' id='word_1_224' title='bbox 172 3759 299 3830; x_wconf 87' lang='lat' dir='ltr'><strong><em>primum</em></strong></span> <span class='ocrx_word' id='word_1_225' title='bbox 314 3762 432 3833; x_wconf 83' lang='lat' dir='ltr'><strong><em>potuit,</em></strong></span> <span class='ocrx_word' id='word_1_226' title='bbox 451 3761 503 3818; x_wconf 89' lang='lat' dir='ltr'><strong><em>ubi</em></strong></span> <span class='ocrx_word' id='word_1_227' title='bbox 521 3763 582 3835; x_wconf 79' lang='lat' dir='ltr'><strong>prt-</strong></span> 
     </span>
     <span class='ocr_line' id='line_1_46' title="bbox 85 3828 580 3901; baseline 0.012 -24"><span class='ocrx_word' id='word_1_228' title='bbox 85 3843 189 3893; x_wconf 80' lang='lat' dir='ltr'><strong>murn,</strong></span> <span class='ocrx_word' id='word_1_229' title='bbox 212 3832 245 3881; x_wconf 85' lang='lat' dir='ltr'><strong><em>ut</em></strong></span> <span class='ocrx_word' id='word_1_230' title='bbox 265 3828 399 3901; x_wconf 84' lang='lat' dir='ltr'><strong><em>primunt</em></strong></span> <span class='ocrx_word' id='word_1_231' title='bbox 422 3848 471 3896; x_wconf 80' lang='grc' dir='ltr'><strong><em>ιο,</em></strong></span> <span class='ocrx_word' id='word_1_232' title='bbox 499 3832 525 3896; x_wconf 87' lang='grc'><strong><em>3,</em></strong></span> <span class='ocrx_word' id='word_1_233' title='bbox 553 3835 580 3900; x_wconf 93' lang='lat'><strong><em>4.</em></strong></span> 
     </span>
     <span class='ocr_line' id='line_1_47' title="bbox 65 3894 582 3971; baseline 0.008 -25"><span class='ocrx_word' id='word_1_234' title='bbox 65 3894 174 3958; x_wconf 87' lang='lat' dir='ltr'><strong><em>&#39;[eum</em></strong></span> <span class='ocrx_word' id='word_1_235' title='bbox 197 3894 327 3952; x_wconf 83' lang='lat' dir='ltr'><strong><em>faciebat</em></strong></span> <span class='ocrx_word' id='word_1_236' title='bbox 351 3902 394 3965; x_wconf 80' lang='lat'>25,</span> <span class='ocrx_word' id='word_1_237' title='bbox 419 3917 446 3971; x_wconf 87' lang='lat'>9,</span> <span class='ocrx_word' id='word_1_238' title='bbox 469 3901 495 3953; x_wconf 85' lang='lat' dir='ltr'><strong><em>b.</em></strong></span> <span class='ocrx_word' id='word_1_239' title='bbox 518 3916 582 3951; x_wconf 88' lang='lat' dir='ltr'><strong><em>eum</em></strong></span> 
     </span>
     <span class='ocr_line' id='line_1_48' title="bbox 26 3961 583 4040; baseline 0.005 -22"><span class='ocrx_word' id='word_1_240' title='bbox 26 3961 29 3970; x_wconf 88' lang='lat'>&#39;</span> <span class='ocrx_word' id='word_1_241' title='bbox 83 3964 200 4019; x_wconf 80' lang='lat' dir='ltr'><strong><em>i’eeerat</em></strong></span> <span class='ocrx_word' id='word_1_242' title='bbox 223 3966 264 4025; x_wconf 81' lang='lat'>15,</span> <span class='ocrx_word' id='word_1_243' title='bbox 285 3968 311 4031; x_wconf 92' lang='lat'><strong><em>3,</em></strong></span> <span class='ocrx_word' id='word_1_244' title='bbox 335 3968 361 4021; x_wconf 85' lang='grc' dir='ltr'><strong><em>ό.</em></strong></span> <span class='ocrx_word' id='word_1_245' title='bbox 383 3972 451 4040; x_wconf 88' lang='lat' dir='ltr'><strong><em>post</em></strong></span> <span class='ocrx_word' id='word_1_246' title='bbox 469 3965 583 4040; x_wconf 81' lang='lat' dir='ltr'><strong><em>aliquot</em></strong></span> 
     </span>
     <span class='ocr_line' id='line_1_49' title="bbox 84 4030 580 4108; baseline 0.008 -20"><span class='ocrx_word' id='word_1_247' title='bbox 84 4048 187 4099; x_wconf 81' lang='lat' dir='ltr'><strong><em>uoces,</em></strong></span> <span class='ocrx_word' id='word_1_248' title='bbox 211 4030 314 4104; x_wconf 86' lang='lat' dir='ltr'><strong><em>quibus</em></strong></span> <span class='ocrx_word' id='word_1_249' title='bbox 335 4031 494 4108; x_wconf 83' lang='lat' dir='ltr'><strong><em>praemitti</em></strong></span> <span class='ocrx_word' id='word_1_250' title='bbox 536 4055 580 4092; x_wconf 87' lang='lat' dir='ltr'><strong><em>us-</em></strong></span> 
     </span>
     <span class='ocr_line' id='line_1_50' title="bbox 26 4055 581 4170; baseline 0 -13"><span class='ocrx_word' id='word_1_251' title='bbox 26 4146 51 4170; x_wconf 54' lang='lat'><strong><em>„</em></strong></span> <span class='ocrx_word' id='word_1_252' title='bbox 80 4110 139 4162; x_wconf 84' lang='lat' dir='ltr'><strong><em>set.</em></strong></span> <span class='ocrx_word' id='word_1_253' title='bbox 156 4101 210 4153; x_wconf 87' lang='lat' dir='ltr'><strong><em>huc</em></strong></span> <span class='ocrx_word' id='word_1_254' title='bbox 222 4117 254 4153; x_wconf 86' lang='lat' dir='ltr'><strong><em>ex</em></strong></span> <span class='ocrx_word' id='word_1_255' title='bbox 265 4103 332 4156; x_wconf 80' lang='lat' dir='ltr'><strong><em>Asia</em></strong></span> <span class='ocrx_word' id='word_1_256' title='bbox 342 4105 423 4159; x_wconf 86' lang='lat' dir='ltr'><strong>Sulla</strong></span> <span class='ocrx_word' id='word_1_257' title='bbox 439 4055 581 4159; x_wconf 71' lang='lat' dir='ltr'><strong><em>decedens</em></strong></span> 
     </span>
     <span class='ocr_line' id='line_1_51' title="bbox 83 4169 581 4243; baseline 0.01 -20"><span class='ocrx_word' id='word_1_258' title='bbox 83 4186 153 4224; x_wconf 83' lang='lat' dir='ltr'><strong>curn</strong></span> <span class='ocrx_word' id='word_1_259' title='bbox 170 4169 291 4226; x_wconf 70' lang='lat' dir='ltr'><strong><em>veniret</em></strong></span> <span class='ocrx_word' id='word_1_260' title='bbox 308 4172 349 4241; x_wconf 79' lang='lat'>25,</span> <span class='ocrx_word' id='word_1_261' title='bbox 372 4177 398 4241; x_wconf 87' lang='lat'><strong><em>4,</em></strong></span> <span class='ocrx_word' id='word_1_262' title='bbox 422 4192 444 4227; x_wconf 86' lang='lat'><strong><em>1.</em></strong></span> <span class='ocrx_word' id='word_1_263' title='bbox 468 4171 527 4230; x_wconf 78' lang='lat' dir='ltr'><strong><em>eid.</em></strong></span> <span class='ocrx_word' id='word_1_264' title='bbox 551 4178 581 4243; x_wconf 77' lang='lat' dir='ltr'><strong><em>et</em></strong></span> 
     </span>
    </p>
   </div>
   <div class='ocr_carea' id='block_1_13' title="bbox 660 482 1181 705">
    <p class='ocr_par' dir='ltr' id='par_1_14' title="bbox 660 482 1181 705">
     <span class='ocr_line' id='line_1_52' title="bbox 663 482 1152 569; baseline 0.01 -23"><span class='ocrx_word' id='word_1_265' title='bbox 663 511 776 569; x_wconf 44' lang='lat'>1,1‚,1.</span> <span class='ocrx_word' id='word_1_266' title='bbox 797 511 823 559; x_wconf 83' lang='grc' dir='ltr'><strong><em>ι,</em></strong></span> <span class='ocrx_word' id='word_1_267' title='bbox 838 512 865 557; x_wconf 79' lang='lat' dir='ltr'><strong><em>a,</em></strong></span> <span class='ocrx_word' id='word_1_268' title='bbox 885 495 912 549; x_wconf 89' lang='lat'><strong><em>6.</em></strong></span> <span class='ocrx_word' id='word_1_269' title='bbox 929 512 955 547; x_wconf 83' lang='grc' dir='ltr'><strong><em>ο.</em></strong></span> <span class='ocrx_word' id='word_1_270' title='bbox 977 497 1005 562; x_wconf 95' lang='lat'><strong><em>4,</em></strong></span> <span class='ocrx_word' id='word_1_271' title='bbox 1019 498 1065 560; x_wconf 81' lang='grc' dir='ltr'><strong><em>ι.]</em></strong></span> <span class='ocrx_word' id='word_1_272' title='bbox 1093 482 1152 551; x_wconf 76' lang='lat' dir='ltr'><strong><em>tti-</em></strong></span> 
     </span>
     <span class='ocr_line' id='line_1_53' title="bbox 661 559 1181 637; baseline 0.002 -19"><span class='ocrx_word' id='word_1_273' title='bbox 661 561 758 618; x_wconf 81' lang='lat' dir='ltr'><strong>tnnda</strong></span> <span class='ocrx_word' id='word_1_274' title='bbox 771 570 815 617; x_wconf 86' lang='lat' dir='ltr'><strong><em>est</em></strong></span> <span class='ocrx_word' id='word_1_275' title='bbox 829 560 1058 637; x_wconf 69' lang='lat' dir='ltr'><strong><em>elegenstbujus</em></strong></span> <span class='ocrx_word' id='word_1_276' title='bbox 1074 559 1154 619; x_wconf 80' lang='lat' dir='ltr'><strong><em>uncie</em></strong></span> <span class='ocrx_word' id='word_1_277' title='bbox 1176 593 1181 601; x_wconf 94' lang='lat'>·</span> 
     </span>
     <span class='ocr_line' id='line_1_54' title="bbox 660 628 1152 705; baseline 0.002 -18"><span class='ocrx_word' id='word_1_278' title='bbox 660 638 690 687; x_wconf 84' lang='lat' dir='ltr'><strong><em>et</em></strong></span> <span class='ocrx_word' id='word_1_279' title='bbox 709 628 800 689; x_wconf 83' lang='lat' dir='ltr'><strong><em>ueluti</em></strong></span> <span class='ocrx_word' id='word_1_280' title='bbox 820 632 1007 704; x_wconf 82' lang='lat' dir='ltr'><strong><em>transposita</em></strong></span> <span class='ocrx_word' id='word_1_281' title='bbox 1028 650 1152 705; x_wconf 83' lang='lat' dir='ltr'><strong><em>usurpa·</em></strong></span> 
     </span>
    </p>
   </div>
   <div class='ocr_carea' id='block_1_14' title="bbox 574 690 1152 764">
    <p class='ocr_par' dir='ltr' id='par_1_15' title="bbox 574 690 1152 764">
     <span class='ocr_line' id='line_1_55' title="bbox 574 690 1152 764; baseline 0.005 -12"><span class='ocrx_word' id='word_1_282' title='bbox 574 748 576 758; x_wconf 81' lang='grc'>,</span> <span class='ocrx_word' id='word_1_283' title='bbox 660 699 719 764; x_wconf 83' lang='lat' dir='ltr'><strong><em>tio,</em></strong></span> <span class='ocrx_word' id='word_1_284' title='bbox 746 697 787 753; x_wconf 82' lang='lat' dir='ltr'><strong><em>ed</em></strong></span> <span class='ocrx_word' id='word_1_285' title='bbox 807 690 887 755; x_wconf 77' lang='lat' dir='ltr'><strong><em>liuns</em></strong></span> <span class='ocrx_word' id='word_1_286' title='bbox 905 698 1044 755; x_wconf 85' lang='lat' dir='ltr'><strong><em>modum:</em></strong></span> <span class='ocrx_word' id='word_1_287' title='bbox 1070 700 1152 757; x_wconf 81' lang='lat' dir='ltr'><strong><em>dirui·</em></strong></span> 
     </span>
    </p>
   </div>
   <div class='ocr_carea' id='block_1_15' title="bbox 658 765 1162 1114">
    <p class='ocr_par' dir='ltr' id='par_1_16' title="bbox 658 765 1162 1114">
     <span class='ocr_line' id='line_1_56' title="bbox 660 765 1152 838; baseline 0.004 -18"><span class='ocrx_word' id='word_1_288' title='bbox 660 765 741 820; x_wconf 86' lang='lat' dir='ltr'><strong><em>dium</em></strong></span> <span class='ocrx_word' id='word_1_289' title='bbox 753 769 878 838; x_wconf 88' lang='lat' dir='ltr'><strong><em>spatium</em></strong></span> <span class='ocrx_word' id='word_1_290' title='bbox 889 768 1068 834; x_wconf 69' lang='lat' dir='ltr'><strong><em>coniecerat,</em></strong></span> <span class='ocrx_word' id='word_1_291' title='bbox 1087 786 1152 822; x_wconf 84' lang='lat' dir='ltr'><strong><em>eunt</em></strong></span> 
     </span>
     <span class='ocr_line' id='line_1_57' title="bbox 659 834 1162 910; baseline 0.008 -21"><span class='ocrx_word' id='word_1_292' title='bbox 659 835 746 889; x_wconf 83' lang='lat' dir='ltr'><strong>allate</strong></span> <span class='ocrx_word' id='word_1_293' title='bbox 766 834 803 888; x_wconf 85' lang='lat' dir='ltr'><strong><em>eii</em></strong></span> <span class='ocrx_word' id='word_1_294' title='bbox 828 835 975 910; x_wconf 75' lang='lat' dir='ltr'><strong><em>euspicio,</em></strong></span> <span class='ocrx_word' id='word_1_295' title='bbox 992 851 1162 906; x_wconf 40' lang='lat' dir='ltr'><strong><em>proteum.</em></strong></span> 
     </span>
     <span class='ocr_line' id='line_1_58' title="bbox 659 900 1151 977; baseline 0.006 -20"><span class='ocrx_word' id='word_1_296' title='bbox 659 900 768 958; x_wconf 86' lang='lat' dir='ltr'><strong><em>dimid.</em></strong></span> <span class='ocrx_word' id='word_1_297' title='bbox 785 912 864 977; x_wconf 86' lang='lat' dir='ltr'><strong><em>spat.</em></strong></span> <span class='ocrx_word' id='word_1_298' title='bbox 890 901 1081 975; x_wconf 81' lang='lat' dir='ltr'><strong><em>confecisset,</em></strong></span> <span class='ocrx_word' id='word_1_299' title='bbox 1108 903 1151 963; x_wconf 85' lang='lat' dir='ltr'><strong><em>ul·</em></strong></span> 
     </span>
     <span class='ocr_line' id='line_1_59' title="bbox 658 970 1154 1048; baseline 0.01 -22"><span class='ocrx_word' id='word_1_300' title='bbox 658 970 725 1026; x_wconf 82' lang='lat' dir='ltr'><strong><em>iata</em></strong></span> <span class='ocrx_word' id='word_1_301' title='bbox 742 978 785 1029; x_wconf 86' lang='lat' dir='ltr'><strong><em>est</em></strong></span> <span class='ocrx_word' id='word_1_302' title='bbox 800 990 824 1025; x_wconf 86' lang='lat' dir='ltr'><strong><em>s.</em></strong></span> <span class='ocrx_word' id='word_1_303' title='bbox 846 972 886 1035; x_wconf 86' lang='lat'>18,</span> <span class='ocrx_word' id='word_1_304' title='bbox 903 990 930 1040; x_wconf 84' lang='lat'>9,</span> <span class='ocrx_word' id='word_1_305' title='bbox 951 991 974 1025; x_wconf 93' lang='grc' dir='ltr'><strong><em>ι.</em></strong></span> <span class='ocrx_word' id='word_1_306' title='bbox 998 973 1042 1026; x_wconf 87' lang='lat' dir='ltr'><strong><em>ite</em></strong></span> <span class='ocrx_word' id='word_1_307' title='bbox 1064 991 1154 1048; x_wconf 83' lang='lat' dir='ltr'><strong><em>saepe</em></strong></span> 
     </span>
     <span class='ocr_line' id='line_1_60' title="bbox 660 1040 1152 1114; baseline 0.01 -21"><span class='ocrx_word' id='word_1_308' title='bbox 660 1040 779 1097; x_wconf 78' lang='lat' dir='ltr'><strong><em>Curtius</em></strong></span> <span class='ocrx_word' id='word_1_309' title='bbox 795 1049 824 1095; x_wconf 87' lang='lat' dir='ltr'><strong><em>et</em></strong></span> <span class='ocrx_word' id='word_1_310' title='bbox 839 1046 953 1113; x_wconf 71' lang='lat' dir='ltr'><strong><em>petiae.</em></strong></span> <span class='ocrx_word' id='word_1_311' title='bbox 975 1041 1058 1114; x_wconf 80' lang='lat' dir='ltr'><strong><em>Virg.</em></strong></span> <span class='ocrx_word' id='word_1_312' title='bbox 1076 1042 1152 1104; x_wconf 85' lang='lat' dir='ltr'><strong><em>Aen.</em></strong></span> 
     </span>
    </p>
   </div>
   <div class='ocr_carea' id='block_1_16' title="bbox 567 1108 1151 1180">
    <p class='ocr_par' dir='ltr' id='par_1_17' title="bbox 567 1108 1151 1180">
     <span class='ocr_line' id='line_1_61' title="bbox 567 1108 1151 1180; baseline 0.009 -21"><span class='ocrx_word' id='word_1_313' title='bbox 567 1126 569 1131; x_wconf 95' lang='lat'>·</span> <span class='ocrx_word' id='word_1_314' title='bbox 661 1125 685 1160; x_wconf 90' lang='lat'><strong><em>1.</em></strong></span> <span class='ocrx_word' id='word_1_315' title='bbox 702 1108 757 1163; x_wconf 83' lang='lat' dir='ltr'><strong><em>Vix</em></strong></span> <span class='ocrx_word' id='word_1_316' title='bbox 773 1118 958 1180; x_wconf 84' lang='lat' dir='ltr'><strong><em>eeonspsetu</em></strong></span> <span class='ocrx_word' id='word_1_317' title='bbox 971 1108 1086 1163; x_wconf 80' lang='lat' dir='ltr'><strong><em>Siculae</em></strong></span> <span class='ocrx_word' id='word_1_318' title='bbox 1099 1112 1151 1164; x_wconf 87' lang='lat' dir='ltr'><strong><em>tel-</em></strong></span> 
     </span>
    </p>
   </div>
   <div class='ocr_carea' id='block_1_17' title="bbox 656 1175 1151 1930">
    <p class='ocr_par' dir='ltr' id='par_1_18' title="bbox 656 1175 1151 1930">
     <span class='ocr_line' id='line_1_62' title="bbox 657 1175 1151 1244; baseline 0.008 -16"><span class='ocrx_word' id='word_1_319' title='bbox 657 1175 731 1229; x_wconf 87' lang='lat' dir='ltr'><strong><em>luris</em></strong></span> <span class='ocrx_word' id='word_1_320' title='bbox 754 1177 785 1229; x_wconf 94' lang='lat' dir='ltr'><strong><em>in</em></strong></span> <span class='ocrx_word' id='word_1_321' title='bbox 810 1177 899 1229; x_wconf 83' lang='lat' dir='ltr'><strong><em>altum</em></strong></span> <span class='ocrx_word' id='word_1_322' title='bbox 924 1176 999 1232; x_wconf 83' lang='lat' dir='ltr'><strong>Vela</strong></span> <span class='ocrx_word' id='word_1_323' title='bbox 1025 1175 1151 1244; x_wconf 83' lang='lat' dir='ltr'><strong>dabant,</strong></span> 
     </span>
     <span class='ocr_line' id='line_1_63' title="bbox 658 1244 1149 1320; baseline 0.012 -25"><span class='ocrx_word' id='word_1_324' title='bbox 658 1244 723 1296; x_wconf 78' lang='lat' dir='ltr'><strong><em>eum</em></strong></span> <span class='ocrx_word' id='word_1_325' title='bbox 736 1245 823 1297; x_wconf 82' lang='lat' dir='ltr'><strong><em>June.</em></strong></span> <span class='ocrx_word' id='word_1_326' title='bbox 834 1244 929 1299; x_wconf 86' lang='lat' dir='ltr'><strong>Verst.</strong></span> <span class='ocrx_word' id='word_1_327' title='bbox 941 1262 965 1297; x_wconf 81' lang='lat' dir='ltr'><strong><em>u.</em></strong></span> <span class='ocrx_word' id='word_1_328' title='bbox 974 1245 1076 1320; x_wconf 75' lang='lat' dir='ltr'><strong>Bang.</strong></span> <span class='ocrx_word' id='word_1_329' title='bbox 1087 1246 1149 1303; x_wconf 88' lang='lat' dir='ltr'><strong><em>obs.</em></strong></span> 
     </span>
     <span class='ocr_line' id='line_1_64' title="bbox 656 1310 1151 1386; baseline 0.004 -20"><span class='ocrx_word' id='word_1_330' title='bbox 656 1310 764 1385; x_wconf 80' lang='lat' dir='ltr'><strong><em>philol.</em></strong></span> <span class='ocrx_word' id='word_1_331' title='bbox 785 1311 838 1367; x_wconf 83' lang='lat' dir='ltr'><strong><em>lib.</em></strong></span> <span class='ocrx_word' id='word_1_332' title='bbox 857 1330 882 1366; x_wconf 79' lang='lat' dir='ltr'><strong>a.</strong></span> <span class='ocrx_word' id='word_1_333' title='bbox 899 1330 972 1386; x_wconf 77' lang='lat' dir='ltr'><strong>pag.</strong></span> <span class='ocrx_word' id='word_1_334' title='bbox 993 1314 1067 1371; x_wconf 81' lang='lat'><strong>1182.</strong></span> <span class='ocrx_word' id='word_1_335' title='bbox 1085 1333 1151 1368; x_wconf 88' lang='lat' dir='ltr'><strong><em>eum</em></strong></span> 
     </span>
     <span class='ocr_line' id='line_1_65' title="bbox 658 1379 1150 1453; baseline 0.01 -20"><span class='ocrx_word' id='word_1_336' title='bbox 658 1397 694 1433; x_wconf 90' lang='lat' dir='ltr'><strong><em>eo</em></strong></span> <span class='ocrx_word' id='word_1_337' title='bbox 708 1381 899 1453; x_wconf 82' lang='lat' dir='ltr'><strong><em>perveniffet,</em></strong></span> <span class='ocrx_word' id='word_1_338' title='bbox 918 1379 1070 1452; x_wconf 79' lang='lat' dir='ltr'><strong><em>defuturo</em></strong></span> <span class='ocrx_word' id='word_1_339' title='bbox 1085 1402 1106 1447; x_wconf 86' lang='lat'>1,</span> <span class='ocrx_word' id='word_1_340' title='bbox 1124 1403 1150 1450; x_wconf 81' lang='lat' dir='ltr'><strong><em>a,</em></strong></span> 
     </span>
     <span class='ocr_line' id='line_1_66' title="bbox 656 1444 1149 1522; baseline 0.008 -22"><span class='ocrx_word' id='word_1_341' title='bbox 656 1453 684 1516; x_wconf 90' lang='lat'><strong><em>4.</em></strong></span> <span class='ocrx_word' id='word_1_342' title='bbox 709 1466 792 1513; x_wconf 90' lang='lat' dir='ltr'><strong><em>eum,</em></strong></span> <span class='ocrx_word' id='word_1_343' title='bbox 813 1444 996 1520; x_wconf 80' lang='lat' dir='ltr'><strong><em>conjunctio.</em></strong></span> <span class='ocrx_word' id='word_1_344' title='bbox 1007 1470 1077 1522; x_wconf 66' lang='lat' dir='ltr'><strong><em>,eum</em></strong></span> <span class='ocrx_word' id='word_1_345' title='bbox 1098 1451 1149 1506; x_wconf 87' lang='lat' dir='ltr'><strong><em>hu-</em></strong></span> 
     </span>
     <span class='ocr_line' id='line_1_67' title="bbox 656 1517 1149 1584; baseline 0.014 -16"><span class='ocrx_word' id='word_1_346' title='bbox 656 1517 795 1581; x_wconf 83' lang='lat' dir='ltr'><strong><em>manitas,</em></strong></span> <span class='ocrx_word' id='word_1_347' title='bbox 811 1527 870 1570; x_wconf 89' lang='lat' dir='ltr'><strong><em>tum</em></strong></span> <span class='ocrx_word' id='word_1_348' title='bbox 894 1518 1149 1584; x_wconf 74' lang='lat' dir='ltr'><strong><em>corninuuitas,&#39;e·</em></strong></span> 
     </span>
     <span class='ocr_line' id='line_1_68' title="bbox 657 1583 1149 1667; baseline 0.008 -28"><span class='ocrx_word' id='word_1_349' title='bbox 657 1583 777 1658; x_wconf 77' lang='lat' dir='ltr'><strong><em>legenti</em></strong></span> <span class='ocrx_word' id='word_1_350' title='bbox 786 1584 950 1667; x_wconf 65' lang='lat' dir='ltr'><strong><em>populandi</em></strong></span> <span class='ocrx_word' id='word_1_351' title='bbox 958 1587 1149 1666; x_wconf 74' lang='lat' dir='ltr'><strong><em>signifieatu,</em></strong></span> 
     </span>
     <span class='ocr_line' id='line_1_69' title="bbox 656 1651 1149 1792; baseline 0.018 -18"><span class='ocrx_word' id='word_1_352' title='bbox 656 1651 1149 1792; x_wconf 62' lang='lat' dir='ltr'><strong><em>‘itttttiftitttttittii:</em></strong></span> 
     </span>
     <span class='ocr_line' id='line_1_70' title="bbox 657 1789 1149 1864; baseline 0.008 -20"><span class='ocrx_word' id='word_1_353' title='bbox 657 1808 723 1862; x_wconf 81' lang='lat' dir='ltr'><strong>cap.</strong></span> <span class='ocrx_word' id='word_1_354' title='bbox 737 1791 780 1857; x_wconf 83' lang='grc'><strong><em>39.</em></strong></span> <span class='ocrx_word' id='word_1_355' title='bbox 790 1789 908 1843; x_wconf 83' lang='lat' dir='ltr'><strong><em>Bucbn.</em></strong></span> <span class='ocrx_word' id='word_1_356' title='bbox 923 1790 997 1846; x_wconf 76' lang='lat' dir='ltr'><strong><em>thes.</em></strong></span> <span class='ocrx_word' id='word_1_357' title='bbox 1010 1811 1075 1847; x_wconf 88' lang='lat' dir='ltr'><strong><em>eum</em></strong></span> <span class='ocrx_word' id='word_1_358' title='bbox 1088 1797 1149 1864; x_wconf 84' lang='lat' dir='ltr'><strong>glo-</strong></span> 
     </span>
     <span class='ocr_line' id='line_1_71' title="bbox 657 1857 1148 1930; baseline 0.016 -20"><span class='ocrx_word' id='word_1_359' title='bbox 657 1857 719 1924; x_wconf 89' lang='lat' dir='ltr'><strong>ria,</strong></span> <span class='ocrx_word' id='word_1_360' title='bbox 738 1868 798 1911; x_wconf 90' lang='lat' dir='ltr'><strong><em>tum</em></strong></span> <span class='ocrx_word' id='word_1_361' title='bbox 821 1857 907 1909; x_wconf 86' lang='lat' dir='ltr'><strong><em>etiam</em></strong></span> <span class='ocrx_word' id='word_1_362' title='bbox 924 1859 1041 1915; x_wconf 87' lang='lat' dir='ltr'><strong><em>lieentia</em></strong></span> <span class='ocrx_word' id='word_1_363' title='bbox 1059 1863 1100 1927; x_wconf 79' lang='lat'>18,</span> <span class='ocrx_word' id='word_1_364' title='bbox 1119 1863 1148 1930; x_wconf 89' lang='lat'>8,</span> 
     </span>
    </p>
   </div>
   <div class='ocr_carea' id='block_1_18' title="bbox 643 1925 1233 2064">
    <p class='ocr_par' dir='ltr' id='par_1_19' title="bbox 643 1925 1233 2064">
     <span class='ocr_line' id='line_1_72' title="bbox 643 1925 1149 1995; baseline 0.008 -15"><span class='ocrx_word' id='word_1_365' title='bbox 643 1926 683 1980; x_wconf 64' lang='lat' dir='ltr'><strong><em>e·</em></strong></span> <span class='ocrx_word' id='word_1_366' title='bbox 711 1925 788 1983; x_wconf 86' lang='lat' dir='ltr'><strong><em>[viri</em></strong></span> <span class='ocrx_word' id='word_1_367' title='bbox 814 1943 876 1985; x_wconf 81' lang='grc' dir='ltr'>οιιιιι</span> <span class='ocrx_word' id='word_1_368' title='bbox 910 1927 1058 1995; x_wconf 84' lang='lat' dir='ltr'><strong><em>claritate,</em></strong></span> <span class='ocrx_word' id='word_1_369' title='bbox 1087 1940 1149 1984; x_wconf 88' lang='lat' dir='ltr'><strong><em>tum</em></strong></span> 
     </span>
     <span class='ocr_line' id='line_1_73' title="bbox 655 1993 1233 2064; baseline 0.017 -18"><span class='ocrx_word' id='word_1_370' title='bbox 655 2011 711 2047; x_wconf 88' lang='lat' dir='ltr'><strong><em>usu</em></strong></span> <span class='ocrx_word' id='word_1_371' title='bbox 725 1993 798 2047; x_wconf 88' lang='lat' dir='ltr'><strong><em>belii</em></strong></span> <span class='ocrx_word' id='word_1_372' title='bbox 817 1994 991 2064; x_wconf 81' lang='lat' dir='ltr'><strong><em>praestantes</em></strong></span> <span class='ocrx_word' id='word_1_373' title='bbox 1016 1999 1057 2062; x_wconf 90' lang='lat'>18,</span> <span class='ocrx_word' id='word_1_374' title='bbox 1076 2000 1104 2064; x_wconf 88' lang='lat'>3,</span> <span class='ocrx_word' id='word_1_375' title='bbox 1119 2001 1145 2054; x_wconf 78' lang='lat'><strong><em>3.</em></strong></span> <span class='ocrx_word' id='word_1_376' title='bbox 1230 2020 1233 2027; x_wconf 88' lang='grc'>’</span> 
     </span>
    </p>
   </div>
   <div class='ocr_carea' id='block_1_19' title="bbox 655 2063 1177 2411">
    <p class='ocr_par' dir='ltr' id='par_1_20' title="bbox 655 2063 1177 2411">
     <span class='ocr_line' id='line_1_74' title="bbox 658 2063 1155 2129; baseline 0.012 -16"><span class='ocrx_word' id='word_1_377' title='bbox 658 2079 722 2113; x_wconf 88' lang='lat' dir='ltr'><strong><em>eum</em></strong></span> <span class='ocrx_word' id='word_1_378' title='bbox 739 2063 770 2114; x_wconf 91' lang='lat' dir='ltr'><strong><em>in</em></strong></span> <span class='ocrx_word' id='word_1_379' title='bbox 786 2064 852 2118; x_wconf 83' lang='lat' dir='ltr'><strong><em>aliis</em></strong></span> <span class='ocrx_word' id='word_1_380' title='bbox 867 2063 972 2129; x_wconf 85' lang='lat' dir='ltr'><strong><em>rebus,</em></strong></span> <span class='ocrx_word' id='word_1_381' title='bbox 989 2074 1050 2118; x_wconf 87' lang='lat' dir='ltr'><strong><em>tum</em></strong></span> <span class='ocrx_word' id='word_1_382' title='bbox 1060 2067 1155 2118; x_wconf 35' lang='lat' dir='ltr'><strong><em>maxi-r</em></strong></span> 
     </span>
     <span class='ocr_line' id='line_1_75' title="bbox 655 2129 1147 2196; baseline 0.018 -16"><span class='ocrx_word' id='word_1_383' title='bbox 655 2146 703 2182; x_wconf 86' lang='lat' dir='ltr'><strong><em>me</em></strong></span> <span class='ocrx_word' id='word_1_384' title='bbox 723 2148 764 2193; x_wconf 88' lang='lat'>11,</span> <span class='ocrx_word' id='word_1_385' title='bbox 784 2132 811 2196; x_wconf 88' lang='lat'>3,</span> <span class='ocrx_word' id='word_1_386' title='bbox 833 2137 878 2191; x_wconf 81' lang='grc' dir='ltr'><strong><em>ι.]</em></strong></span> <span class='ocrx_word' id='word_1_387' title='bbox 909 2129 962 2186; x_wconf 84' lang='lat' dir='ltr'><strong><em>Sic</em></strong></span> <span class='ocrx_word' id='word_1_388' title='bbox 982 2141 1011 2187; x_wconf 89' lang='lat' dir='ltr'><strong><em>et</em></strong></span> <span class='ocrx_word' id='word_1_389' title='bbox 1035 2136 1147 2190; x_wconf 79' lang='lat' dir='ltr'><strong><em>Cicero.</em></strong></span> 
     </span>
     <span class='ocr_line' id='line_1_76' title="bbox 656 2195 1177 2274; baseline 0.019 -25"><span class='ocrx_word' id='word_1_390' title='bbox 656 2195 714 2251; x_wconf 78' lang='lat' dir='ltr'><strong><em>uid.</em></strong></span> <span class='ocrx_word' id='word_1_391' title='bbox 735 2197 861 2255; x_wconf 78' lang='lat' dir='ltr'><strong><em>Turseli.</em></strong></span> <span class='ocrx_word' id='word_1_392' title='bbox 879 2198 899 2253; x_wconf 90' lang='lat' dir='ltr'><strong><em>l.</em></strong></span> <span class='ocrx_word' id='word_1_393' title='bbox 912 2218 936 2254; x_wconf 88' lang='lat' dir='ltr'><strong><em>c.</em></strong></span> <span class='ocrx_word' id='word_1_394' title='bbox 948 2216 1012 2252; x_wconf 85' lang='lat' dir='ltr'><strong>curn</strong></span> <span class='ocrx_word' id='word_1_395' title='bbox 1024 2219 1082 2255; x_wconf 89' lang='lat' dir='ltr'><strong><em>non</em></strong></span> <span class='ocrx_word' id='word_1_396' title='bbox 1097 2218 1149 2274; x_wconf 82' lang='lat' dir='ltr'><strong><em>pe·</em></strong></span> <span class='ocrx_word' id='word_1_397' title='bbox 1172 2250 1177 2259; x_wconf 94' lang='lat'><strong>.</strong></span> 
     </span>
     <span class='ocr_line' id='line_1_77' title="bbox 655 2264 1146 2343; baseline 0.014 -25"><span class='ocrx_word' id='word_1_398' title='bbox 655 2264 738 2331; x_wconf 88' lang='lat' dir='ltr'><strong><em>tivit,</em></strong></span> <span class='ocrx_word' id='word_1_399' title='bbox 755 2284 822 2322; x_wconf 87' lang='lat' dir='ltr'><strong><em>cum</em></strong></span> <span class='ocrx_word' id='word_1_400' title='bbox 839 2268 961 2322; x_wconf 83' lang='lat' dir='ltr'><strong><em>interim</em></strong></span> <span class='ocrx_word' id='word_1_401' title='bbox 984 2288 1046 2323; x_wconf 86' lang='lat' dir='ltr'><strong><em>non</em></strong></span> <span class='ocrx_word' id='word_1_402' title='bbox 1067 2277 1146 2343; x_wconf 88' lang='lat' dir='ltr'><strong><em>pete·</em></strong></span> 
     </span>
     <span class='ocr_line' id='line_1_78' title="bbox 655 2337 1147 2411; baseline 0.006 -23"><span class='ocrx_word' id='word_1_403' title='bbox 655 2341 719 2397; x_wconf 88' lang='lat' dir='ltr'><strong><em>ret,</em></strong></span> <span class='ocrx_word' id='word_1_404' title='bbox 746 2341 785 2404; x_wconf 84' lang='lat'><strong><em>14,</em></strong></span> <span class='ocrx_word' id='word_1_405' title='bbox 808 2354 849 2400; x_wconf 92' lang='grc' dir='ltr'><strong><em>ιο,</em></strong></span> <span class='ocrx_word' id='word_1_406' title='bbox 868 2337 894 2390; x_wconf 84' lang='grc'><strong><em>3.</em></strong></span> <span class='ocrx_word' id='word_1_407' title='bbox 911 2339 955 2391; x_wconf 81' lang='lat' dir='ltr'><strong><em>tic</em></strong></span> <span class='ocrx_word' id='word_1_408' title='bbox 972 2354 1036 2389; x_wconf 89' lang='lat' dir='ltr'><strong><em>eum</em></strong></span> <span class='ocrx_word' id='word_1_409' title='bbox 1060 2355 1147 2411; x_wconf 84' lang='lat' dir='ltr'><strong><em>sups-</em></strong></span> 
     </span>
    </p>
   </div>
   <div class='ocr_carea' id='block_1_20' title="bbox 641 2402 1147 2486">
    <p class='ocr_par' dir='ltr' id='par_1_21' title="bbox 641 2402 1147 2486">
     <span class='ocr_line' id='line_1_79' title="bbox 641 2402 1147 2486; baseline 0.012 -32"><span class='ocrx_word' id='word_1_410' title='bbox 641 2402 720 2455; x_wconf 84' lang='lat' dir='ltr'><strong><em>¹rior</em></strong></span> <span class='ocrx_word' id='word_1_411' title='bbox 740 2406 854 2486; x_wconf 88' lang='lat' dir='ltr'><strong><em>praelio</em></strong></span> <span class='ocrx_word' id='word_1_412' title='bbox 873 2402 1062 2470; x_wconf 75' lang='lat' dir='ltr'><strong><em>discessisset,</em></strong></span> <span class='ocrx_word' id='word_1_413' title='bbox 1083 2424 1147 2460; x_wconf 84' lang='lat' dir='ltr'><strong><em>cum</em></strong></span> 
     </span>
    </p>
   </div>
   <div class='ocr_carea' id='block_1_21' title="bbox 654 2473 1148 2675">
    <p class='ocr_par' dir='ltr' id='par_1_22' title="bbox 654 2473 1148 2675">
     <span class='ocr_line' id='line_1_80' title="bbox 656 2473 1148 2539; baseline 0.014 -17"><span class='ocrx_word' id='word_1_414' title='bbox 656 2481 800 2527; x_wconf 77' lang='lat' dir='ltr'><strong><em>exereitus</em></strong></span> <span class='ocrx_word' id='word_1_415' title='bbox 823 2483 870 2526; x_wconf 88' lang='lat' dir='ltr'><strong>ter</strong></span> <span class='ocrx_word' id='word_1_416' title='bbox 885 2473 911 2524; x_wconf 91' lang='lat' dir='ltr'><strong><em>ei</em></strong></span> <span class='ocrx_word' id='word_1_417' title='bbox 930 2473 1044 2538; x_wconf 85' lang='lat' dir='ltr'><strong>juraffet</strong></span> <span class='ocrx_word' id='word_1_418' title='bbox 1054 2506 1063 2539; x_wconf 96' lang='lat'>,</span> <span class='ocrx_word' id='word_1_419' title='bbox 1081 2492 1148 2528; x_wconf 85' lang='lat' dir='ltr'><strong><em>cum</em></strong></span> 
     </span>
     <span class='ocr_line' id='line_1_81' title="bbox 655 2537 1145 2607; baseline 0.014 -18"><span class='ocrx_word' id='word_1_420' title='bbox 655 2537 682 2590; x_wconf 90' lang='lat' dir='ltr'><strong><em>ei</em></strong></span> <span class='ocrx_word' id='word_1_421' title='bbox 700 2539 768 2594; x_wconf 77' lang='lat' dir='ltr'><strong><em>etet</em></strong></span> <span class='ocrx_word' id='word_1_422' title='bbox 780 2540 993 2606; x_wconf 82' lang='lat' dir='ltr'><strong><em>infestissimus,</em></strong></span> <span class='ocrx_word' id='word_1_423' title='bbox 1012 2562 1078 2596; x_wconf 75' lang='lat' dir='ltr'><strong><em>crim</em></strong></span> <span class='ocrx_word' id='word_1_424' title='bbox 1100 2551 1145 2607; x_wconf 76' lang='lat' dir='ltr'><strong><em>tu-</em></strong></span> 
     </span>
     <span class='ocr_line' id='line_1_82' title="bbox 654 2610 1144 2675; baseline 0.01 -16"><span class='ocrx_word' id='word_1_425' title='bbox 654 2624 742 2674; x_wconf 87' lang='lat' dir='ltr'><strong><em>men,</em></strong></span> <span class='ocrx_word' id='word_1_426' title='bbox 756 2610 813 2664; x_wconf 84' lang='lat' dir='ltr'><strong><em>etsi</em></strong></span> <span class='ocrx_word' id='word_1_427' title='bbox 832 2616 886 2664; x_wconf 85' lang='lat' dir='ltr'><strong><em>cet.</em></strong></span> <span class='ocrx_word' id='word_1_428' title='bbox 907 2610 947 2674; x_wconf 79' lang='lat'>18,</span> <span class='ocrx_word' id='word_1_429' title='bbox 968 2628 1009 2675; x_wconf 84' lang='grc' dir='ltr'><strong><em>ιο,</em></strong></span> <span class='ocrx_word' id='word_1_430' title='bbox 1029 2629 1052 2664; x_wconf 86' lang='lat' dir='ltr'><strong>a.</strong></span> <span class='ocrx_word' id='word_1_431' title='bbox 1072 2617 1100 2665; x_wconf 88' lang='lat' dir='ltr'><strong><em>et</em></strong></span> <span class='ocrx_word' id='word_1_432' title='bbox 1116 2610 1144 2666; x_wconf 86' lang='lat'><strong><em>3.</em></strong></span> 
     </span>
    </p>
   </div>
   <div class='ocr_carea' id='block_1_22' title="bbox 655 2677 1230 2751">
    <p class='ocr_par' dir='ltr' id='par_1_23' title="bbox 655 2677 1230 2751">
     <span class='ocr_line' id='line_1_83' title="bbox 655 2677 1230 2751; baseline 0.019 -26"><span class='ocrx_word' id='word_1_433' title='bbox 655 2692 720 2726; x_wconf 83' lang='lat' dir='ltr'><strong><em>eum</em></strong></span> <span class='ocrx_word' id='word_1_434' title='bbox 752 2678 839 2731; x_wconf 83' lang='lat' dir='ltr'><strong><em>tantis</em></strong></span> <span class='ocrx_word' id='word_1_435' title='bbox 862 2677 949 2730; x_wconf 83' lang='lat' dir='ltr'><strong><em>rebus</em></strong></span> <span class='ocrx_word' id='word_1_436' title='bbox 971 2678 1168 2751; x_wconf 75' lang='lat' dir='ltr'><strong><em>praefuisset</em></strong></span> <span class='ocrx_word' id='word_1_437' title='bbox 1229 2698 1230 2702; x_wconf 74' lang='grc'>’</span> 
     </span>
    </p>
   </div>
   <div class='ocr_carea' id='block_1_23' title="bbox 644 2743 1191 3431">
    <p class='ocr_par' dir='ltr' id='par_1_24' title="bbox 644 2743 1191 3431">
     <span class='ocr_line' id='line_1_84' title="bbox 653 2743 1143 2813; baseline 0.014 -16"><span class='ocrx_word' id='word_1_438' title='bbox 653 2743 681 2808; x_wconf 88' lang='lat'><strong><em>3,</em></strong></span> <span class='ocrx_word' id='word_1_439' title='bbox 700 2744 728 2808; x_wconf 78' lang='lat'><strong><em>3,</em></strong></span> <span class='ocrx_word' id='word_1_440' title='bbox 745 2763 769 2799; x_wconf 82' lang='lat' dir='ltr'><strong>a.</strong></span> <span class='ocrx_word' id='word_1_441' title='bbox 788 2746 846 2802; x_wconf 83' lang='lat' dir='ltr'><strong><em>[sis</em></strong></span> <span class='ocrx_word' id='word_1_442' title='bbox 863 2745 903 2805; x_wconf 85' lang='lat'>18,</span> <span class='ocrx_word' id='word_1_443' title='bbox 921 2747 948 2808; x_wconf 78' lang='grc' dir='ltr'><strong><em>ὅ,</em></strong></span> <span class='ocrx_word' id='word_1_444' title='bbox 967 2749 1101 2813; x_wconf 53' lang='lat' dir='ltr'><strong><em>estest,</em></strong></span> <span class='ocrx_word' id='word_1_445' title='bbox 1118 2766 1143 2804; x_wconf 79' lang='lat' dir='ltr'><strong>a.</strong></span> 
     </span>
     <span class='ocr_line' id='line_1_85' title="bbox 655 2811 1142 2887; baseline 0.014 -24"><span class='ocrx_word' id='word_1_446' title='bbox 655 2828 716 2881; x_wconf 67' lang='lat' dir='ltr'><strong><em>eq,</em></strong></span> <span class='ocrx_word' id='word_1_447' title='bbox 724 2814 750 2868; x_wconf 92' lang='lat'><strong><em>3.</em></strong></span> <span class='ocrx_word' id='word_1_448' title='bbox 762 2814 850 2876; x_wconf 84' lang='grc' dir='ltr'>ι3,ι.]</span> <span class='ocrx_word' id='word_1_449' title='bbox 867 2811 1040 2887; x_wconf 75' lang='lat' dir='ltr'><strong><em>SicSeneca</em></strong></span> <span class='ocrx_word' id='word_1_450' title='bbox 1049 2820 1142 2873; x_wconf 83' lang='lat' dir='ltr'><strong>contr.</strong></span> 
     </span>
     <span class='ocr_line' id='line_1_86' title="bbox 655 2879 1170 2950; baseline 0.01 -20"><span class='ocrx_word' id='word_1_451' title='bbox 655 2896 697 2932; x_wconf 92' lang='grc' dir='ltr'><strong><em>ιο.</em></strong></span> <span class='ocrx_word' id='word_1_452' title='bbox 723 2881 856 2934; x_wconf 83' lang='lat' dir='ltr'><strong><em>Latronis</em></strong></span> <span class='ocrx_word' id='word_1_453' title='bbox 880 2879 1040 2935; x_wconf 86' lang='lat' dir='ltr'><strong>admirator</strong></span> <span class='ocrx_word' id='word_1_454' title='bbox 1063 2895 1125 2936; x_wconf 88' lang='lat' dir='ltr'><strong>erat</strong></span> <span class='ocrx_word' id='word_1_455' title='bbox 1132 2924 1144 2950; x_wconf 73' lang='lat'>,</span> <span class='ocrx_word' id='word_1_456' title='bbox 1165 2886 1170 2895; x_wconf 89' lang='lat'><em>&#39;</em></span> 
     </span>
     <span class='ocr_line' id='line_1_87' title="bbox 653 2946 1144 3021; baseline 0.012 -23"><span class='ocrx_word' id='word_1_457' title='bbox 653 2964 720 3000; x_wconf 86' lang='lat' dir='ltr'><strong><em>eum</em></strong></span> <span class='ocrx_word' id='word_1_458' title='bbox 743 2946 890 3002; x_wconf 78' lang='lat' dir='ltr'><strong><em>diversunt</em></strong></span> <span class='ocrx_word' id='word_1_459' title='bbox 909 2961 1081 3021; x_wconf 80' lang='lat' dir='ltr'><strong><em>sequeretur</em></strong></span> <span class='ocrx_word' id='word_1_460' title='bbox 1102 2949 1144 3004; x_wconf 87' lang='lat' dir='ltr'><strong><em>di-</em></strong></span> 
     </span>
     <span class='ocr_line' id='line_1_88' title="bbox 654 3016 1144 3089; baseline 0.02 -24"><span class='ocrx_word' id='word_1_461' title='bbox 654 3016 739 3069; x_wconf 82' lang='lat' dir='ltr'><strong><em>cendi</em></strong></span> <span class='ocrx_word' id='word_1_462' title='bbox 756 3034 857 3089; x_wconf 81' lang='lat' dir='ltr'><strong><em>genus.</em></strong></span> <span class='ocrx_word' id='word_1_463' title='bbox 876 3032 961 3088; x_wconf 83' lang='lat' dir='ltr'><strong><em>quem</em></strong></span> <span class='ocrx_word' id='word_1_464' title='bbox 973 3017 1071 3073; x_wconf 85' lang='lat' dir='ltr'><strong><em>locum</em></strong></span> <span class='ocrx_word' id='word_1_465' title='bbox 1081 3038 1144 3089; x_wconf 83' lang='lat' dir='ltr'><strong>per-</strong></span> 
     </span>
     <span class='ocr_line' id='line_1_89' title="bbox 652 3082 1142 3156; baseline 0.014 -21"><span class='ocrx_word' id='word_1_466' title='bbox 652 3082 1142 3156; x_wconf 70' lang='lat' dir='ltr'><strong><em>perumsollicitatSebultingius.</em></strong></span> 
     </span>
     <span class='ocr_line' id='line_1_90' title="bbox 656 3150 1143 3222; baseline 0.014 -18"><span class='ocrx_word' id='word_1_467' title='bbox 656 3150 813 3222; x_wconf 78' lang='lat' dir='ltr'><strong><em>Quontodo</em></strong></span> <span class='ocrx_word' id='word_1_468' title='bbox 832 3159 861 3208; x_wconf 80' lang='lat' dir='ltr'><strong><em>et</em></strong></span> <span class='ocrx_word' id='word_1_469' title='bbox 874 3155 976 3209; x_wconf 72' lang='lat' dir='ltr'><strong><em>Cicero</em></strong></span> <span class='ocrx_word' id='word_1_470' title='bbox 992 3173 1028 3210; x_wconf 84' lang='lat' dir='ltr'><strong><em>ec</em></strong></span> <span class='ocrx_word' id='word_1_471' title='bbox 1048 3157 1143 3212; x_wconf 80' lang='lat' dir='ltr'><strong><em>Horu·</em></strong></span> 
     </span>
     <span class='ocr_line' id='line_1_91' title="bbox 652 3221 1146 3293; baseline 0.02 -21"><span class='ocrx_word' id='word_1_472' title='bbox 652 3223 711 3275; x_wconf 86' lang='lat' dir='ltr'><strong><em>tius</em></strong></span> <span class='ocrx_word' id='word_1_473' title='bbox 731 3223 790 3275; x_wconf 80' lang='lat' dir='ltr'><strong><em>hac</em></strong></span> <span class='ocrx_word' id='word_1_474' title='bbox 805 3221 958 3293; x_wconf 80' lang='lat' dir='ltr'><strong><em>particule</em></strong></span> <span class='ocrx_word' id='word_1_475' title='bbox 981 3226 1035 3280; x_wconf 88' lang='lat' dir='ltr'><strong><em>usi.</em></strong></span> <span class='ocrx_word' id='word_1_476' title='bbox 1052 3246 1076 3279; x_wconf 79' lang='lat' dir='ltr'><strong><em>u.</em></strong></span> <span class='ocrx_word' id='word_1_477' title='bbox 1097 3224 1146 3282; x_wconf 80' lang='lat' dir='ltr'><strong><em>Gi·</em></strong></span> 
     </span>
     <span class='ocr_line' id='line_1_92' title="bbox 644 3286 1191 3368; baseline 0.009 -25"><span class='ocrx_word' id='word_1_478' title='bbox 644 3286 716 3360; x_wconf 84' lang='lat' dir='ltr'><strong><em>fun.</em></strong></span> <span class='ocrx_word' id='word_1_479' title='bbox 729 3288 858 3362; x_wconf 78' lang='lat' dir='ltr'><strong><em>append.</em></strong></span> <span class='ocrx_word' id='word_1_480' title='bbox 873 3288 983 3346; x_wconf 82' lang='lat' dir='ltr'><strong><em>observ.</em></strong></span> <span class='ocrx_word' id='word_1_481' title='bbox 998 3312 1070 3368; x_wconf 77' lang='lat' dir='ltr'><strong>pag.</strong></span> <span class='ocrx_word' id='word_1_482' title='bbox 1082 3311 1142 3365; x_wconf 77' lang='lat'><strong><em>²9¹·</em></strong></span> <span class='ocrx_word' id='word_1_483' title='bbox 1186 3292 1191 3306; x_wconf 92' lang='grc'><strong><em>’</em></strong></span> 
     </span>
     <span class='ocr_line' id='line_1_93' title="bbox 653 3357 1041 3431; baseline 0.021 -22"><span class='ocrx_word' id='word_1_484' title='bbox 653 3374 717 3411; x_wconf 85' lang='lat' dir='ltr'><strong>curn</strong></span> <span class='ocrx_word' id='word_1_485' title='bbox 735 3357 854 3430; x_wconf 85' lang='lat' dir='ltr'><strong><em>quidem</em></strong></span> <span class='ocrx_word' id='word_1_486' title='bbox 869 3378 893 3415; x_wconf 79' lang='lat' dir='ltr'><strong><em>u.</em></strong></span> <span class='ocrx_word' id='word_1_487' title='bbox 912 3360 1041 3431; x_wconf 85' lang='lat' dir='ltr'><strong><em>quidem.</em></strong></span> 
     </span>
    </p>
   </div>
   <div class='ocr_carea' id='block_1_24' title="bbox 617 3492 1143 3566">
    <p class='ocr_par' dir='ltr' id='par_1_25' title="bbox 617 3492 1143 3566">
     <span class='ocr_line' id='line_1_94' title="bbox 617 3492 1143 3566; baseline 0.008 -21"><span class='ocrx_word' id='word_1_488' title='bbox 617 3492 894 3564; x_wconf 79' lang='lat' dir='ltr'><strong><em>eum,praeporitio.</em></strong></span> <span class='ocrx_word' id='word_1_489' title='bbox 918 3510 982 3545; x_wconf 87' lang='lat' dir='ltr'><strong><em>cum</em></strong></span> <span class='ocrx_word' id='word_1_490' title='bbox 996 3492 1143 3566; x_wconf 85' lang='lat' dir='ltr'><strong><em>aliquibus</em></strong></span> 
     </span>
    </p>
   </div>
   <div class='ocr_carea' id='block_1_25' title="bbox 647 3561 1196 4246">
    <p class='ocr_par' dir='ltr' id='par_1_26' title="bbox 647 3561 1196 4246">
     <span class='ocr_line' id='line_1_95' title="bbox 652 3561 1144 3629; baseline 0.006 -16"><span class='ocrx_word' id='word_1_491' title='bbox 652 3561 723 3623; x_wconf 82' lang='lat' dir='ltr'><strong><em>effe,</em></strong></span> <span class='ocrx_word' id='word_1_492' title='bbox 741 3562 920 3629; x_wconf 80' lang='lat' dir='ltr'><strong><em>praesentia</em></strong></span> <span class='ocrx_word' id='word_1_493' title='bbox 944 3567 997 3614; x_wconf 84' lang='lat' dir='ltr'><strong><em>aut</em></strong></span> <span class='ocrx_word' id='word_1_494' title='bbox 1017 3563 1144 3619; x_wconf 80' lang='lat' dir='ltr'><strong><em>societas</em></strong></span> 
     </span>
     <span class='ocr_line' id='line_1_96' title="bbox 650 3625 1143 3695; baseline 0.004 -12"><span class='ocrx_word' id='word_1_495' title='bbox 650 3625 821 3694; x_wconf 79' lang='lat' dir='ltr'><strong><em>indicatur,</em></strong></span> <span class='ocrx_word' id='word_1_496' title='bbox 843 3628 885 3695; x_wconf 87' lang='lat'>18,</span> <span class='ocrx_word' id='word_1_497' title='bbox 904 3648 944 3695; x_wconf 90' lang='grc' dir='ltr'><strong><em>ιο,</em></strong></span> <span class='ocrx_word' id='word_1_498' title='bbox 963 3640 989 3687; x_wconf 77' lang='lat'><strong><em>2.</em></strong></span> <span class='ocrx_word' id='word_1_499' title='bbox 1008 3628 1061 3683; x_wconf 81' lang='lat' dir='ltr'><strong><em>Sic</em></strong></span> <span class='ocrx_word' id='word_1_500' title='bbox 1078 3649 1143 3685; x_wconf 82' lang='lat' dir='ltr'><strong><em>eunt</em></strong></span> 
     </span>
     <span class='ocr_line' id='line_1_97' title="bbox 650 3695 1144 3775; baseline 0.004 -24"><span class='ocrx_word' id='word_1_501' title='bbox 650 3697 801 3768; x_wconf 79' lang='lat' dir='ltr'><strong><em>Aegyptiis</em></strong></span> <span class='ocrx_word' id='word_1_502' title='bbox 821 3695 930 3750; x_wconf 81' lang='lat' dir='ltr'><strong><em>betium</em></strong></span> <span class='ocrx_word' id='word_1_503' title='bbox 956 3714 1060 3773; x_wconf 77' lang='lat' dir='ltr'><strong>gerere</strong></span> <span class='ocrx_word' id='word_1_504' title='bbox 1076 3698 1144 3775; x_wconf 61' lang='lat' dir='ltr'><strong><em>ads,</em></strong></span> 
     </span>
     <span class='ocr_line' id='line_1_98' title="bbox 650 3764 1142 3840; baseline -0.002 -22"><span class='ocrx_word' id='word_1_505' title='bbox 650 3780 764 3838; x_wconf 73' lang='lat' dir='ltr'><strong>regem,</strong></span> <span class='ocrx_word' id='word_1_506' title='bbox 781 3764 815 3820; x_wconf 86' lang='lat' dir='ltr'><strong><em>in</em></strong></span> <span class='ocrx_word' id='word_1_507' title='bbox 830 3766 972 3821; x_wconf 85' lang='lat' dir='ltr'><strong><em>societate</em></strong></span> <span class='ocrx_word' id='word_1_508' title='bbox 986 3765 1027 3821; x_wconf 85' lang='lat' dir='ltr'><strong><em>Ae</em></strong></span> <span class='ocrx_word' id='word_1_509' title='bbox 1045 3768 1142 3840; x_wconf 81' lang='lat' dir='ltr'><strong><em>thio.</em></strong></span> 
     </span>
     <span class='ocr_line' id='line_1_99' title="bbox 650 3783 1141 3906; baseline 0.002 -19"><span class='ocrx_word' id='word_1_510' title='bbox 650 3850 718 3887; x_wconf 88' lang='lat' dir='ltr'><strong><em>rum</em></strong></span> <span class='ocrx_word' id='word_1_511' title='bbox 734 3850 777 3902; x_wconf 82' lang='grc' dir='ltr'><strong><em>ιι,</em></strong></span> <span class='ocrx_word' id='word_1_512' title='bbox 798 3833 825 3897; x_wconf 89' lang='lat'><strong><em>3,</em></strong></span> <span class='ocrx_word' id='word_1_513' title='bbox 840 3851 866 3903; x_wconf 88' lang='grc'><strong><em>9.</em></strong></span> <span class='ocrx_word' id='word_1_514' title='bbox 889 3852 953 3887; x_wconf 85' lang='grc' dir='ltr'>οιιιιι</span> <span class='ocrx_word' id='word_1_515' title='bbox 977 3783 1084 3906; x_wconf 72' lang='lat' dir='ltr'><strong><em>quibus</em></strong></span> <span class='ocrx_word' id='word_1_516' title='bbox 1104 3852 1141 3888; x_wconf 86' lang='lat' dir='ltr'><strong><em>ne</em></strong></span> 
     </span>
     <span class='ocr_line' id='line_1_100' title="bbox 650 3902 1141 3969; baseline 0.008 -15"><span class='ocrx_word' id='word_1_517' title='bbox 650 3918 731 3954; x_wconf 88' lang='lat' dir='ltr'><strong>arma</strong></span> <span class='ocrx_word' id='word_1_518' title='bbox 750 3911 851 3961; x_wconf 85' lang='lat' dir='ltr'><strong>contra</strong></span> <span class='ocrx_word' id='word_1_519' title='bbox 875 3912 903 3955; x_wconf 90' lang='lat' dir='ltr'><strong><em>te</em></strong></span> <span class='ocrx_word' id='word_1_520' title='bbox 922 3902 1031 3967; x_wconf 62' lang='lat' dir='ltr'><strong><em>semem</em></strong></span> <span class='ocrx_word' id='word_1_521' title='bbox 1050 3905 1094 3969; x_wconf 79' lang='lat'>25,</span> <span class='ocrx_word' id='word_1_522' title='bbox 1112 3909 1141 3967; x_wconf 79' lang='lat'><strong><em>4,</em></strong></span> 
     </span>
     <span class='ocr_line' id='line_1_101' title="bbox 650 3965 1196 4039; baseline -0.004 -17"><span class='ocrx_word' id='word_1_523' title='bbox 650 3982 675 4023; x_wconf 80' lang='lat' dir='ltr'><strong><em>t.</em></strong></span> <span class='ocrx_word' id='word_1_524' title='bbox 690 3967 756 4025; x_wconf 80' lang='lat' dir='ltr'><strong><em>vide</em></strong></span> <span class='ocrx_word' id='word_1_525' title='bbox 770 3986 833 4039; x_wconf 84' lang='lat' dir='ltr'><strong><em>sup.</em></strong></span> <span class='ocrx_word' id='word_1_526' title='bbox 850 3965 970 4023; x_wconf 86' lang='lat' dir='ltr'><strong><em>beilum.</em></strong></span> <span class='ocrx_word' id='word_1_527' title='bbox 986 3971 1141 4033; x_wconf 50' lang='lat' dir='ltr'><strong>[cumana.</strong></span> <span class='ocrx_word' id='word_1_528' title='bbox 1192 3979 1196 3988; x_wconf 94' lang='grc'><em>“</em></span> 
     </span>
     <span class='ocr_line' id='line_1_102' title="bbox 650 4036 1142 4110; baseline 0.008 -21"><span class='ocrx_word' id='word_1_529' title='bbox 650 4036 713 4110; x_wconf 77' lang='lat' dir='ltr'><strong><em>gnis</em></strong></span> <span class='ocrx_word' id='word_1_530' title='bbox 740 4039 833 4108; x_wconf 83' lang='lat' dir='ltr'><strong><em>copiis</em></strong></span> <span class='ocrx_word' id='word_1_531' title='bbox 853 4037 965 4109; x_wconf 78' lang='lat' dir='ltr'><strong><em>inferre</em></strong></span> <span class='ocrx_word' id='word_1_532' title='bbox 984 4039 1095 4091; x_wconf 79' lang='lat' dir='ltr'><strong><em>betium</em></strong></span> <span class='ocrx_word' id='word_1_533' title='bbox 1113 4057 1142 4105; x_wconf 81' lang='lat' dir='ltr'><strong><em>a,</em></strong></span> 
     </span>
     <span class='ocr_line' id='line_1_103' title="bbox 649 4100 1140 4178; baseline 0.008 -20"><span class='ocrx_word' id='word_1_534' title='bbox 649 4108 678 4168; x_wconf 72' lang='lat' dir='ltr'><strong><em>a,</em></strong></span> <span class='ocrx_word' id='word_1_535' title='bbox 693 4110 719 4173; x_wconf 92' lang='lat'><strong><em>4.</em></strong></span> <span class='ocrx_word' id='word_1_536' title='bbox 741 4123 805 4158; x_wconf 85' lang='lat' dir='ltr'><strong><em>eum</em></strong></span> <span class='ocrx_word' id='word_1_537' title='bbox 832 4100 970 4178; x_wconf 77' lang='lat' dir='ltr'><strong><em>dignitate</em></strong></span> <span class='ocrx_word' id='word_1_538' title='bbox 995 4106 1096 4159; x_wconf 87' lang='lat' dir='ltr'><strong><em>vivere</em></strong></span> <span class='ocrx_word' id='word_1_539' title='bbox 1114 4126 1140 4173; x_wconf 79' lang='lat' dir='ltr'><strong><em>a,</em></strong></span> 
     </span>
     <span class='ocr_line' id='line_1_104' title="bbox 647 4172 1141 4246; baseline 0.002 -17"><span class='ocrx_word' id='word_1_540' title='bbox 647 4172 676 4242; x_wconf 78' lang='lat'>8,</span> <span class='ocrx_word' id='word_1_541' title='bbox 697 4178 740 4235; x_wconf 77' lang='grc' dir='ltr'><strong><em>ι.]</em></strong></span> <span class='ocrx_word' id='word_1_542' title='bbox 768 4191 833 4229; x_wconf 84' lang='lat' dir='ltr'><strong><em>eum</em></strong></span> <span class='ocrx_word' id='word_1_543' title='bbox 857 4173 1013 4229; x_wconf 79' lang='lat' dir='ltr'><strong><em>effeniiene</em></strong></span> <span class='ocrx_word' id='word_1_544' title='bbox 1037 4190 1141 4246; x_wconf 70' lang='lat' dir='ltr'><strong>inagna</strong></span> 
     </span>
    </p>
   </div>
   <div class='ocr_carea' id='block_1_26' title="bbox 0 0 1310 4650">
    <p class='ocr_par' dir='ltr' id='par_1_27' title="bbox 0 0 1310 4650">
     <span class='ocr_line' id='line_1_105' title="bbox 0 0 1310 4650; baseline 0 3"><span class='ocrx_word' id='word_1_545' title='bbox 0 0 1310 4650; x_wconf 95' lang='lat' dir='ltr'><strong><em> </em></strong></span> 
     </span>
    </p>
   </div>
  </div>
 </body>
</html>
