2610 4650
65 246 153 362 'sm
536 271 732 370 sunax
826 336 829 343 .

99 408 1162 439 --·----—-··-—-—-—-r-—--·------·--··

94 485 231 557 [colonis
244 478 581 557 Lacedaemoniorum,
594 499 616 550 1,
685 500 745 537 nou
766 480 828 544 ripe
846 481 1003 536 severitate
1022 482 1061 537 est
1078 483 1120 550 25,
1135 485 1168 550 a,

74 572 76 577 ⁴
127 561 166 615 1.]

93 655 216 711 colonos
236 653 352 708 mittere
370 650 469 724 aliquo
496 669 520 716 1,
546 670 568 717 1,
592 669 614 704 ι.

687 563 712 607 1.
725 562 756 613 n.
767 556 829 604 not.
844 558 872 606 et
890 549 988 606 Tacit.
1003 569 1079 607 ana·
1092 574 1117 617 a,
1131 569 1169 623 71,

682 620 713 675 3.
737 620 764 682 6,
780 620 823 682 bo,
845 634 868 672 1.

127 723 266 776 arcessere
277 719 419 777 Corintho
430 735 471 785 eo,
487 720 515 783 3,
533 738 553 773 1.
569 738 616 775 co·
652 717 818 781 comitium,
833 715 898 773 scil.
913 715 1066 788 Spartae,
1080 716 1167 776 Xeno·

127 789 212 844 lania
221 807 239 842 o
250 791 371 843 Cimone
378 788 541 842 constituta
548 788 616 842 Am-

126 856 258 933 phipolis
279 859 305 918 5,
325 868 352 920 2,
373 879 397 914 η.
417 855 447 907 iu
471 854 617 909 coloniam

115 928 244 979 ‘mittere
263 925 392 995 aliquos,
418 920 562 978 deducere
585 943 619 979 eo

128 993 264 1058 colonos,
284 992 325 1044 ib.
350 991 430 1046 Sunt
450 999 551 1046 autem
571 1011 618 1046 co·

22 1080 28 1101 .
70 1068 79 1086 ⁸
128 1061 248 1127 laniae,
267 1060 401 1115 ciuitates
418 1078 456 1115 ea
469 1059 534 1114 alia
551 1061 619 1114 ciui·

127 1138 191 1186 tate
210 1127 299 1185 ueluti
319 1134 516 1201 propagatae.
542 1126 615 1183 Gell.

128 1199 169 1265 163
191 1201 228 1254 13.
242 1212 368 1270 quorum
378 1195 620 1263 deducendarum

129 1284 238 1322 causas
253 1270 405 1337 ceteraque
421 1262 559 1335 esposuit
576 1266 619 1321 Si·

128 1352 202 1409 gon.
220 1333 255 1388 de
273 1334 365 1404 antiq.
378 1330 442 1407 jur.
464 1332 534 1388 ltul.
554 1332 574 1387 l.
593 1357 618 1390 2.

111 1421 155 1457 ·c.
175 1427 200 1463 2.
226 1401 354 1476 Dejure
374 1419 478 1456 earum
503 1420 550 1473 ap.
570 1418 619 1454 ua-

128 1471 194 1528 rias
200 1478 306 1544 gentes
315 1467 529 1524 memorabilia
541 1479 621 1535 sunt,

130 1542 206 1624 quae
216 1536 339 1615 collegit
349 1539 470 1594 Heuric.
480 1536 622 1609 ¹Valesius

129 1628 163 1664 ra
179 1613 284 1662 annot.
296 1607 337 1661 acl
349 1605 506 1663 collectan.
522 1608 621 1660 Const.

132 1676 322 1750 Porphyrog.
341 1677 440 1729 Boset.
459 1675 620 1730 Athenien-

131 1746 209 1800 sium
227 1744 363 1801 colonias
385 1743 509 1815 collegit
529 1751 556 1798 et
578 1741 622 1797 cli·

129 1816 226 1887 gessit
259 1816 368 1867 Mcurs.
389 1811 508 1881 fortun.
533 1811 621 1865 Attis.

130 1900 197 1954 ΜΡ·
242 1882 268 1934 6·
312 1880 624 1935 L⁰⁰⁶d⁰⁶m⁰m⁰mm
686 1908 812 1986 juvare,
832 1909 1020 1984 officiixerat.
1038 1914 1137 1967 Boecl.

659 1997 831 2034 commeare.
846 1991 1010 2034 commeant
1023 1998 1124 2036 omnes
1133 1981 1177 2033 boc

97 2034 373 2104 columnacXXXII.
391 2047 623 2120 pedumcxoay·
693 2048 740 2099 vis
758 2049 801 2109 18,
829 2049 864 2113 8,
891 2051 917 2103 5.
935 2050 1093 2121 quandam
1120 2068 1178 2104 can·

133 2118 185 2171 che
196 2151 204 2183 ,
213 2117 259 2189 fr.
277 2119 305 2181 8,
321 2136 348 2188 7.

97 2217 216 2290 [comes
235 2217 347 2301 gloriae
359 2217 396 2270 eli
409 2216 520 2281 invidia
537 2226 578 2278 ta,
596 2215 622 2275 3,

130 1949 213 2005 illem
230 1950 262 2004 ia
279 1947 449 2004 miscellan.
469 1950 582 2004 Lacon.

609 2279 624 2314 Ἰ

130 2290 158 2343 3.
178 2297 299 2341 conates
321 2302 421 2340 omncs
446 2297 493 2352 17,
520 2285 552 2346 8,
579 2299 625 2350 1.,

133 2355 254 2409 comites
274 2355 309 2407 da
326 2354 385 2407 suis
402 2352 559 2425 adjungere
575 2351 626 2402 ali-

133 2424 201 2486 cui,
221 2442 261 2489 17,
278 2424 304 2484 6,
323 2423 350 2476 3.

98 2524 252 2585 comitari,
280 2540 320 2575 sc.
336 2519 434 2592 funus
459 2521 499 2583 18,
530 2521 573 2584 13,
598 2522 625 2585 4.

106 2610 109 2616 ’
132 2594 175 2655 15,
194 2606 237 2655 aa,
252 2591 279 2654 4.
299 2595 343 2645 est
356 2590 437 2644 enim
451 2589 531 2643 inter
545 2607 626 2644 uoces

57 2720 60 2726 .
133 2659 204 2717 buia
234 2654 334 2730 officio
361 2658 517 2729 proprias,
553 2672 626 2727 quas

134 2726 268 2781 Kircbm.
287 2725 322 2781 cle
333 2722 438 2793 saner.
455 2723 476 2780 l.
496 2749 520 2783 2.
541 2745 564 2780 c.
581 2738 623 2779 so.

132 2793 240 2864 refert:
258 2796 356 2875 sessui,
369 2794 528 2873 prosequi,
546 2809 624 2848 exse·
653 2797 676 2834 ·⁰

132 2863 201 2934 qui,
221 2863 352 2916 comitari
375 2864 476 2925 funus,
496 2879 557 2922 sse,
575 2876 624 2914 vo-

134 2930 199 2987 uire
217 2931 350 3005 exsequio
362 2972 374 2994 .,
395 2928 496 2985 Boecl.

97 3048 181 3088 come
206 3031 369 3106 ingenium,
388 3031 485 3102 facile
508 3028 549 3084 ad
570 3047 623 3084 au-

132 3097 276 3155 diendum
292 3109 514 3173 praeceptorem
529 3107 557 3154 et
574 3117 623 3152 ar·

132 3175 178 3224 tes
190 3169 363 3286 capiendas.
382 3163 507 3224 Locccn.
525 3174 623 3225 anot.

132 3254 171 3301 10,
208 3271 217 3302 ‚
237 3261 262 3297 2.

686 787 795 861 pbouti
813 789 847 838 τό
864 785 1030 855 ἐφορεῑον,
1049 806 1092 857 17,
1108 791 1166 855 4,1.

695 859 768 911 Usus
779 860 837 917 est,
858 862 889 907 ut
900 853 977 910 alibi
993 872 1101 927 saepe,
1119 855 1167 913 lio·

687 941 783 978 mana
797 942 879 989 uoce,
899 939 975 992 qaae
989 924 1122 980 Graecae
1132 943 1168 979 re·

690 989 864 1063 sponderet,
880 993 916 1046 ab
933 990 1166 1050 similitudinem.

688 1079 763 1115 nam
779 1068 812 1117 ut
829 1059 1013 1131 Spartaria
1031 1059 1167 1130 ἐφοριίφ,

688 1131 731 1184 sic
755 1128 873 1183 Romae
885 1131 918 1183 in
934 1129 1079 1194 comitio,
1095 1147 1170 1202 popu·

688 1196 736 1252 lu‘s
769 1196 971 1251 conueniebat.
1008 1197 1126 1251 Comitii
1146 1212 1169 1250 a.

689 1285 788 1320 uocem
808 1264 901 1319 babes
921 1274 951 1320 et
966 1262 1053 1336 apud
1072 1264 1170 1321 ciem·

690 1354 759 1388 uem
784 1354 827 1387 or.
846 1351 899 1402 pro
919 1333 1047 1396 Sextio,
1068 1334 1172 1389 Livium

686 1407 731 1468 4ο,
757 1419 799 1471 29.
820 1401 903 1472 Ptin.
934 1403 972 1456 Ν.
1002 1401 1041 1456 Η.
1071 1400 1171 1465 18,15.

695 1471 792 1525 Tacit.
812 1488 862 1524 au.
891 1472 934 1533 13,
954 1470 999 1525 58.
1017 1477 1049 1525 et
1065 1471 1136 1542 Agr·
1150 1481 1171 1527 1.

656 1569 774 1623 comitia
790 1570 970 1636 amicorum,
989 1569 1060 1624 scil.
1077 1571 1109 1625 in
1123 1570 1173 1643 qni-

695 1639 748 1694 bus
770 1640 874 1722 agitur¹
896 1637 934 1694 de
954 1641 1124 1694 anticorum
1137 1638 1173 1693 dl·

690 1707 861 1780 gaitatrbus
880 1709 923 1770 25,
949 1711 975 1774 4,
994 1712 1023 1774 4.
1045 1707 1092 1763 Aa
1113 1708 1175 1763 baec

692 1777 838 1830 ventitare
858 1775 957 1846 ibique
967 1778 1143 1848 petitionem
1151 1793 1176 1829 a·

692 1845 765 1898 mici
783 1844 965 1917 auctoritate
989 1852 1020 1900 et
1039 1841 1177 1919 suffragio

692 2116 908 2182 suetudinem,
956 2117 1180 2192 frequentiam,

694 2184 827 2239 stadium
843 2184 901 2238 ltac
918 2204 984 2239 uoce
1003 2187 1124 2252 notari,
1139 2184 1180 2239 ab·

694 2254 897 2377 pematssoccl.
906 2253 1126 2321 ebrestomatb.
1136 2252 1180 2310 Te·

661 2433 823 2476 commeatu
842 2424 928 2476 omni?
938 2425 1062 2496 privare
1076 2425 1183 2488 urbem,

695 2509 837 2546 annonae
851 2492 1057 2557 subvectione,
1077 2506 1101 2554 t,
1120 2511 1145 2562 79
1158 2504 1181 2550 2.

695 2561 739 2614 sic
757 2561 968 2613 commeatibus
990 2562 1131 2633 privatur
1149 2559 1182 2614 ci·

694 2629 784 2691 vitas,
804 2629 992 2694 intercipitur
1007 2632 1038 2685 ei
1048 2632 1184 2703 portusel

695 2695 877 2750 subvehenda*
887 2695 1030 2767 facultas
1056 2712 1097 2767 so,
1120 2714 1144 2759 a,
1159 2697 1183 2763 4.

677 2797 889 2834 ommemorare
914 2781 1072 2853 [pluribus
1090 2781 1183 2837 verbis

692 2851 738 2912 25,
757 2858 798 2907 21.
818 2850 844 2902 5.
864 2849 953 2903 multa
975 2848 1012 2902 de
1036 2849 1136 2922 alique
1154 2865 1184 2903 rc

693 2917 736 2978 23,
753 2929 781 2982 α,
794 2918 821 2972 3.
836 2917 921 2988 plura
935 2916 970 2969 dc
985 2919 1087 2992 aliqua
1101 2935 1132 2971 re
1146 2920 1182 2979 25,

696 3000 737 3050 17,
750 2997 774 3040 1.
788 2997 1066 3039 commemorantem
1079 2985 1184 3040 induxit

692 3070 718 3122 7,
737 3065 763 3117 2,
781 3061 823 3112 2.]
844 3055 1074 3107 commemoravi
1097 3053 1132 3108 dc
1152 3070 1182 3107 eo

693 3137 790 3193 supro,
810 3119 886 3186 elixi,
902 3124 1039 3187 narraui,
1059 3135 1106 3186 1ο,
1120 3125 1181 3189 6,1.

694 3201 937 3243 commemoratur
954 3191 1010 3242 hoc
1028 3192 1057 3243 in
1075 3191 1182 3246 virtuti·

692 3255 747 3308 bus
769 3258 908 3322 alicuius,
928 3258 1023 3328 praes.
1046 3275 1069 3315 1.

98 3335 220 3393 comitas
237 3339 322 3404 miro,
339 3357 393 3411 pro
409 3335 554 3391 civilitate
564 3334 623 3391 cul·
659 3340 860 3397 commendare
871 3343 957 3395 alicui
969 3360 1111 3414 regnum,
1129 3351 1182 3398 tra·

132 3413 181 3460 tus
193 3413 221 3459 et
232 3402 424 3480 affabilitatis
436 3424 456 3468 1,
472 3404 500 3467 8,
510 3406 536 3468 4.
554 3420 622 3475 qua-

131 3471 222 3529 modo
240 3484 268 3531 et
285 3475 362 3531 alibi
376 3470 536 3545 principib.
553 3473 625 3527 uiris

132 3541 516 3669 {⁰9i⁶⁰⁰mitffi⁸'}b¹⁸3um,³
534 3547 623 3664 atpa-

147 3629 215 3664 rru
283 3631 372 3664 ‚ra
452 3628 494 3663 .e
542 3649 548 3662 .
594 3628 624 3662 u-

131 3632 229 3752 gustos
242 3631 294 3752 (bii.
323 3646 416 3734 Suet?
430 3696 454 3730 c.
478 3627 539 3731 53.7
556 3679 625 3735 Tito

133 3765 184 3819 ap.
203 3749 291 3805 euncl.
308 3768 332 3803 c.
348 3749 375 3801 8.
390 3753 419 3801 et
438 3746 534 3802 Tacit.
552 3747 623 3803 bist.

131 3817 161 3879 ὅ,
180 3832 201 3881 1,
221 3824 244 3872 t.
273 3820 374 3872 Druso
398 3832 469 3868 ann.
489 3834 511 3880 1,
531 3815 575 3878 33,
594 3818 622 3880 4.

132 3882 218 3939 Aside
234 3885 308 3941 thes.
322 3882 487 3943 Buclsneri.
512 3881 574 3940 Sul
591 3886 624 3939 in

133 3953 212 4008 Mss.
242 3956 326 4008 Dan.
358 3959 387 4007 et
414 3949 532 4007 Scbotti
559 3959 626 4008 erat

133 4022 339 4090 communitas3
359 4019 447 4092 idque
461 4020 571 4077 rectius
584 4024 623 4076 ui-

132 4087 230 4147 detur.
257 4109 282 4146 u.
309 4097 371 4144 nat.
395 4091 468 4149 [sat
492 4111 511 4146 a
537 4091 626 4147 nobis

131 4160 298 4239 repositum
315 4164 397 4221 est.]]
424 4161 544 4216 comitas
563 4160 624 4228 ejus

694 3408 780 3476 clere,
801 3429 998 3466 successorem
1014 3412 1126 3483 facere
1146 3410 1181 3474 16,

693 3491 717 3536 2.
738 3491 763 3535 2.
788 3478 899 3533 (ticina
920 3497 956 3533 ea
974 3481 1032 3546 oi„
1049 3499 1110 3553 qua
1126 3498 1182 3535 ma·

692 3546 1184 3605 riturinecessitutlinessuasalia·

693 3632 747 3738 pue
764 3618 871 3671 enticis
887 3617 1094 3673 commendare
1112 3615 1183 3672 dice·

714 3691 813 3738 antur.
839 3684 897 3740 aiil.
916 3686 1057 3742 Brisson.
1079 3707 1108 3757 7.
1119 3682 1184 3811 ator·

692 3751 767 3808 mul.
786 3754 919 3807 Boeclcs.
942 3754 1062 3811 Terent.
1090 3757 1118 3812 A
1140 3755 1184 3819 .3‚

693 3823 725 3886 5,
754 3834 794 3877 11.
823 3823 871 3874 isse
895 3822 950 3875 sibi
976 3825 1112 3879 moriens
1136 3838 1185 3876 nos

693 3890 915 3945 commendavit.
981 3892 1068 3949 Adde
1102 3892 1184 3959 {ticet-

692 3958 848 4038 Buchnori.
869 3966 986 4034 [magna
996 3956 1185 4035 corporisili·

693 4036 802 4097 gustas,
842 4046 915 4100 quoe
942 4048 1001 4082 non
1036 4030 1187 4082 minimum

692 4097 910 4150 commendatur
929 4110 969 4162 1ο,
982 4111 1008 4163 1,
1027 4111 1053 4158 2.
1068 4100 1187 4155 anot-1

692 4165 906 4241 commendatio
921 4176 1003 4222 tanta
1018 4166 1092 4235 orit,
1102 4175 1187 4242 atqua

1091 4370 1097 4395 t
