2610 4650
361 62 371 97 l

1130 193 1138 229 Ι

150 304 212 372 aso
386 241 1031 389 conrint'rsnurorts
1163 384 1166 389 Ι

108 494 235 578 inspici
262 503 408 579 'posset
470 499 539 557 Neo
584 496 788 581 praeteribo,
838 496 1025 580 quamquam
1052 491 1235 553 nonnullis

148 601 222 666 lene
243 602 365 693 'visum
401 601 446 664 iri
478 615 613 685 putem:
675 623 772 686 quum
816 601 965 686 inprimis
1007 601 1112 663 lautus
1147 612 1237 661 esset

148 830 295 904 sibiloque
316 830 490 900 adlectari,
508 849 564 906 quo
580 824 675 889 libcn-
711 830 826 885 suaderi
850 830 982 884 siverim.
1001 832 1065 884 Jam
1084 826 1238 901 quomodo

133 901 209 955 *tius
224 900 338 956 bibant.
358 903 438 980 Quae
449 901 598 974 quomodo
609 903 676 955 huic
712 900 784 952 illud
807 901 957 969 conspici,
987 897 1064 951 nude
1087 899 1237 969 positum,
1259 908 1264 924 ¹

101 974 105 987 “
146 968 215 1024 loco
242 971 608 1051 congruant,pcrspicere
625 987 675 1022 ne·
711 968 888 1039 quadrabit?
902 968 1156 1040 conspicienimet
1168 985 1237 1020 con·

32 1083 46 1092 ,
149 1053 239 1110 queo.
269 1035 679 1118 Quomodoenimnliectavit
744 1037 845 1093 imum
867 1034 1008 1102 dicimus,
1024 1033 1107 1107 quod
1126 1038 1239 1107 magui·

52 1152 56 1157 .
146 1103 330 1160 munditiem
339 1103 474 1158 Atticus?
491 1107 589 1182 Quare
604 1107 677 1159 nihil
732 1123 796 1159 cum
818 1105 857 1157 cli
879 1116 908 1157 ct
928 1104 1054 1168 eminet,
1070 1121 1131 1157 non
1159 1100 1241 1175 quod

147 1183 240 1229 muto.
254 1173 376 1228 Rosius.
391 1173 500 1229 Omnes
515 1175 572 1226 mei
592 1173 678 1243 [cmu
712 1172 817 1227 deficit.
836 1176 850 1227 1
871 1172 931 1225 itur
943 1172 1042 1243 potius
1060 1189 1126 1234 cum
1141 1171 1235 1227 Lcm-

148 1240 205 1295 (tu.
232 1243 362 1311 Utraque
382 1241 481 1313 princ.
510 1243 676 1315 ceterisque
712 1241 783 1297 bino
800 1189 917 1296 credam
940 1258 1000 1292 nou
1020 1240 1075 1292 elle
1090 1238 1239 1293 sincerum

148 1305 235 1368 edd]
256 1303 435 1380 offectnbot,
454 1308 535 1379 quod
552 1310 678 1365 verbum
710 1311 864 1365 inlocum.
883 1307 1055 1365 Bocclerur.
1082 1309 1238 1380 Torqueot

136 1370 280 1430 'inlustrat
294 1378 413 1433 (lortius
427 1376 464 1430 ad
479 1377 591 1438 sallust.
608 1379 675 1452 Jug.
711 1394 774 1431 sese
798 1379 864 1447 heic
889 1375 1009 1431 eruditi.
1023 1373 1135 1439 ‚Scribo
1146 1394 1238 1439 ,mo-

149 1459 214 1517 eap.
227 1445 272 1501 ⁶6.
287 1460 373 1498 niam.⁴
387 1464 412 1499 ι.
588 1494 591 1499 .
632 1484 635 1489 -
711 1445 792 1510 dica,
808 1466 871 1502 non
883 1443 1008 1502 inculta.
1028 1439 1182 1501 incultam
1194 1443 1239 1496 in·

155 1536 186 1567 a..
287 1554 291 1561 .
320 1548 323 1553 ,
607 1550 611 1567 .
711 1515 812 1586 telligo
834 1513 999 1579 sordidam,
1021 1513 1146 1585 ipsoque
1169 1511 1237 1564 hor·

159 1579 227 1636 sctit
247 1581 281 1635 in
309 1587 452 1636 natham
468 1586 593 1664 partein
609 1599 677 1636 con·
712 1590 782 1641 rore
807 1594 836 1638 et
866 1582 1004 1655 squalore
1029 1579 1237 1649 conspicuam,

149 1646 283 1720 ipsein]
302 1648 679 1721 Vcldeelilucaliquidmt
708 1661 744 1706 ut
760 1649 944 1704 differentem
968 1666 986 1702 a
1006 1646 1149 1703 munditie
1172 1647 1238 1700 vul.

149 1715 264 1789 integra
278 1717 316 1770 sit
325 1719 487 1789 scriptura,
506 1717 531 1770 si
545 1719 587 1771 ita
605 1719 677 1771 scri-
712 1717 787 1792 gari.
804 1721 869 1792 Quo
877 1718 1004 1772 horrore
1018 1726 1079 1770 tum
1092 1736 1153 1771 non
1166 1732 1239 1787 pau·

147 1792 232 1856 ptum
249 1784 302 1848 sit,
321 1793 354 1839 ut
364 1787 398 1840 in
407 1792 549 1840 neutram
559 1793 677 1860 portem
712 1785 938 1853 cindiectahaut
951 1785 1074 1851 famam,
1089 1784 1171 1859 quod
1186 1785 1239 1838 ali.

148 1852 265 1907 nimius
273 1870 373 1926 consp.
386 1861 500 1927 possen
517 1858 585 1918 aut,
605 1855 678 1910 utin
711 1852 787 1909 unde
805 1856 853 1918 nel
872 1873 907 1920 en
924 1851 1042 1921 Seneca
1064 1855 1102 1908 eil
1122 1864 1236 1908 notum.

149 1928 293 1975 neutram
300 1930 419 1993 partem
433 1941 600 1996 propensus
609 1942 676 1979 con<
713 1919 895 1998 Scheffcrus.
915 1923 950 1977 In
971 1940 1007 1975 ea
1020 1940 1113 1993 pauca
1135 1921 1177 1989 ad,
1189 1941 1238 1976 or·

151 2006 197 2061 tp.
220 1995 334 2062 posset:
352 2001 401 2043 aut
418 1991 517 2063 aliquo
539 1990 600 2046 alio
624 1992 675 2045 tali
710 2004 825 2058 natum,
857 1993 942 2064 plura
966 1989 1004 2045 ad
1028 2008 1111 2044 usum
1142 2001 1237 2047 crant·

148 2055 254 2112 nodo:
281 2058 330 2110 vel
344 2059 494 2131 corbum,
519 2059 681 2132 conspici,¹
711 2061 810 2116 Gallus
841 2059 960 2114 Asinius
989 2056 1067 2130 apud
1085 2059 1238 2127 ¹Tacitum

148 2123 320 2179 mendosum
345 2126 396 2179 eliz
420 2138 449 2181 et
463 2144 521 2210 pro
538 2144 592 2192 eo,
607 2145 675 2203 pro·
709 2127 816 2187 tanat·
830 2147 856 2192 a,
872 2129 918 2193 33,
939 2131 968 2195 4.,
986 2130 1087 2199 Neque
1099 2129 1134 2182 in
1142 2124 1240 2196 fumi

148 2190 298 2266 pendere,
316 2208 368 2248 seu
389 2193 500 2267 aliquid
517 2194 598 2250 aliud
618 2196 675 2250 tale
710 2195 754 2252 lin
764 2204 793 2253 ct
805 2203 945 2271 argento,
962 2207 1093 2268 quaeque
1102 2192 1239 2266 adrasum

149 2260 370 2335 nepoueudum,
385 2264 435 2316 vel
449 2265 625 2329 hectotum,
642 2267 679 2321 ut'
710 2274 872 2336 parentur,
898 2267 1028 2321 nimium
1047 2260 1165 2336 aliquid
1181 2271 1239 2333 cut

149 2329 184 2385 in
194 2337 334 2385 neutram
340 2338 458 2405 partem
467 2333 682 2405 conspicipos·¹
709 2332 883 2399 modicum,
900 2335 961 2403 nisi
976 2352 1016 2389 ccc
1023 2331 1154 2404 fortuna
1169 2351 1237 2405 pos-

149 2404 210 2464 set,
234 2398 352 2470 aliunde
371 2401 537 2470 profectum
559 2410 588 2454 et
606 2402 675 2453 alie·
708 2401 845 2458 sidentis.
858 2403 1037 2471 ,Loccenius
1058 2403 1237 2474 Longolius,

149 2466 281 2528 nuncil,
302 2467 674 2541 nonaNspotescriptum.
711 2464 928 2536 Gothofredus,
951 2471 1113 2534 Gruterus,
1132 2468 1184 2523 alii
1207 2488 1237 2525 e-

149 2531 267 2587 Judicct
286 2535 380 2589 solers
401 2545 430 2588 et
453 2545 554 2591 acutus
565 2537 675 2607 lector,
710 2536 830 2604 didere,
852 2535 989 2610 supellex
1011 2556 1074 2592 non
1096 2537 1237 2605 modica,

150 2599 331 2659 Lambinus.
360 2600 525 2657 'Lambinus
562 2603 674 2658 sincera
710 2625 773 2661 non
782 2604 889 2675 multu.
909 2606 1237 2689 quaelectioplanaest²

149 2667 518 2725 haccooucsseexiliinaat.‘
533 2670 676 2744 Equidem
711 2673 906 2739 sedvercor,
923 2692 960 2727 ne
983 2675 1142 2733 reclament
1163 2676 1237 2730 libra

151 2748 318 2810 expungere
339 2749 389 2792 aut
412 2739 597 2794 oblitterare.
616 2758 676 2794 non
710 2753 835 2797 veteres.
857 2743 933 2797 Sane
947 2743 1031 2796 Rom.
1045 2742 1238 2798 vetustissima

151 2820 215 2860 sum
234 2821 339 2874 ausus,
359 2807 438 2880 quod
460 2818 494 2861 et
510 2808 541 2861 in
564 2807 675 2863 Gifanii
709 2810 813 2887 priore
827 2811 894 2865 loco
908 2812 1043 2884 copulam
1058 2829 1235 2885 nonagnos-

149 2872 230 2933 libro
247 2874 357 2958 scripta
379 2887 576 2947 compareant.
595 2874 674 2932 Sim.
711 2876 769 2945 cit,
786 2894 960 2952 quamquam
986 2889 1014 2932 et
1032 2878 1120 2933 facile
1136 2881 1238 2952 potuit
1263 2902 1288 2957 ·,

150 2938 272 3009 Rosius,
293 2961 342 2998 vir
362 2945 473 3000 doctiss.
495 2945 675 3015 exponebat,
711 2946 852 3021 expungi,
870 2945 949 3020 qu'od
968 2946 1138 3017 videretur,
1157 2947 1237 3011 utin

151 3017 187 3065 ut
199 3013 677 3086 nemccmodicuconspiciposset‚
711 3015 935 3089 superioribus,
954 3015 995 3069 sic
1013 3026 1042 3069 et
1057 3016 1114 3069 hoc
1130 3017 1197 3070 loco
1218 3030 1236 3071 e

152 3092 246 3155 neque
258 3079 372 3148 multa,
390 3083 443 3140 sed
453 3082 625 3139 mediocris.
637 3083 675 3135 -Ε-
711 3080 825 3147 dnobus
843 3082 988 3157 oppositis
1010 3084 1061 3149 (ut
1079 3083 1235 3138 Dialectici

83 3215 86 3222 Ι
172 3168 189 3203 o
228 3151 355 3203 veroin
376 3169 415 3206 tn.
440 3171 463 3206 s.
489 3153 532 3206 sic
550 3149 676 3221 ,reperis
710 3153 834 3218 vocant)
850 3151 998 3206 removeri
1011 3153 1113 3235 prius,
1132 3151 1237 3205 admit·

180 3213 303 3289 upellcx
322 3218 463 3287 modica,
475 3239 540 3274 non
560 3215 675 3283 multo,
710 3219 733 3272 ti
752 3218 814 3273 sive
833 3220 904 3293 poni
920 3221 1071 3293 pollcrms.
1090 3222 1170 3297 Quae
1186 3238 1236 3276 res

151 3291 186 3341 ut
198 3287 233 3341 in
252 3293 391 3344 neutram
405 3297 524 3362 portem
546 3284 678 3360 conspici
712 3297 740 3340 et
749 3287 985 3360 elegantillimum
998 3290 1179 3345 Gronovium
1192 3289 1235 3341 in.

151 3362 268 3428 posset:
293 3373 350 3428 qua
372 3355 608 3430 interpunctione
633 3356 676 3407 vi·
712 3344 805 3422 duiit,
818 3364 860 3424 ut,
875 3356 950 3409 sicut
960 3358 1028 3411 olim
1044 3355 1086 3428 nd
1099 3358 1179 3413 Liuii
1191 3376 1236 3425 aa,

153 3421 210 3477 deo
222 3423 458 3479 facilcmlocum:
475 3434 508 3479 ut
520 3420 677 3477 mediocris
712 3426 754 3491 24.
769 3424 815 3477 ita
831 3423 975 3494 postremo
995 3424 1037 3480 acl
1052 3428 1080 3491 4,
1100 3426 1141 3481 13‘.
1160 3442 1234 3490 eam,

152 3492 284 3563 supellex
303 3491 417 3561 suerit,
432 3510 528 3567 neque
549 3491 614 3564 plus
630 3507 677 3547 aea
712 3508 797 3564 quam
806 3507 860 3545 nos
872 3492 1061 3560 retinuimus,
1078 3492 1236 3547 lectionem

152 3574 230 3633 quo,
246 3574 343 3630 neque
355 3563 544 3635 minusquam
561 3568 678 3632 oporte·
711 3568 855 3614 tueretur.
874 3560 981 3616 Omnes
992 3563 1067 3615 onim
1078 3562 1236 3616 antitheses

152 3635 213 3683 cett
232 3634 264 3680 ut
279 3624 397 3697 multa,
416 3630 491 3684 etad
503 3645 676 3699 exsuperari·
712 3628 752 3681 ita
761 3644 824 3682 esse
839 3639 1005 3701 conceptas,
1023 3641 1065 3695 ut,
1083 3627 1154 3702 quid
1171 3629 1233 3682 lue·

152 3694 242 3777 tiam,
263 3695 343 3751 etad
358 3698 503 3753 deiectum
514 3699 675 3771 pertineat:
711 3696 761 3762 rit,
771 3695 912 3760 adfirmet,
921 3696 993 3769 quid
1001 3714 1060 3752 non
1069 3696 1169 3759 fuerit,
1183 3714 1232 3750 nc-

120 3831 126 3840 ·
154 3757 206 3835 sed
235 3763 307 3818 haec
331 3767 508 3834 vconjectura
540 3764 677 3819 duntaxat
712 3774 767 3838 get
785 3763 841 3820 Ele
865 3782 938 3834 ons,
956 3785 1018 3822 non
1031 3766 1236 3840 mcgnnicust

153 3848 228 3891 mea.
254 3827 406 3892 Schottus.
433 3834 554 3890 Sensum
577 3846 676 3888 omnes
713 3781 1167 3904 slendirdtnnonsumtuosum
1189 3832 1234 3906 of·

154 3898 242 3972 iacile
257 3902 445 3971 conjicimus·
468 3921 503 3967 an
516 3918 589 3955 vero
606 3901 676 3954 haec
703 3850 827 3972 sictone
842 3899 1042 3972 munditiem,
1066 3922 1127 3959 non
1145 3902 1234 3975 afflu-

153 3966 247 4042 vcrba
277 3942 466 4041 exprimendo
493 3967 536 4025 illi
560 3970 677 4038 sensui,
712 3970 842 4027 entium:
866 3972 909 4025 sic
934 3973 1020 4025 etiam
1044 3970 1179 4045 supellex
1204 3970 1232 4026 ei

153 4036 286 4111 aptplius-
294 4032 515 4101 deliberandum
533 4036 581 4093 elt.
601 4038 677 4094 Sane
711 4035 850 4104 medicei
870 4055 931 4094 non
953 4039 1067 4105 multo,
1083 4044 1111 4095 h.
1128 4059 1155 4095 e.
1170 4058 1235 4094 mo*

153 4098 228 4163 iliud
240 4096 545 4177 multd'addefeclum
580 4122 677 4179 uoquc
712 4104 768 4176 dd,
785 4126 844 4175 non
861 4107 963 4179 copia,
981 4106 1167 4176 aestimanda3
1186 4111 1231 4163 in·

152 4166 229 4229 uehi
244 4168 512 4255 posse'jnunquam
524 4125 594 4233 miili
609 4190 676 4254 per·
710 4177 896 4267 strumentum
917 4173 1048 4247 modice,
1064 4195 1125 4233 uon
1142 4178 1232 4236 abun·
