2610 4650
280 156 292 173 Ι
339 152 348 178 l

222 290 333 380 ‚xxa
376 293 415 352 r.
449 252 699 399 rauracius
728 294 946 359 urricus·
965 297 1042 360 cn».
1064 300 1117 362 nt.
1168 301 1228 366 aas

125 515 197 565 tem
217 462 410 578 Romanam,
454 490 523 566 ntia,
537 501 694 579 adscita]
722 491 725 497 ¹
751 506 911 603 Quamdiu
931 461 1056 585 adluit,
1088 460 1263 594 ‘nequae

126 709 199 792 pius
212 706 370 782 legendum
384 711 612 781 conjecittalea.
629 716 663 783 Iu
698 712 749 768 sed
764 713 836 767 haec
853 711 933 769 velu't
955 717 1079 788 propria
1097 714 1224 769 confide.
1260 769 1265 783 .

99 777 263 832 ‘eusdem
279 779 440 839 Pausaniae
459 781 520 836 vita
541 801 604 853 cap.
633 783 660 836 5.
697 782 893 838 raudaelttv.
910 785 952 837 ibi
969 785 1069 839 Davis.
1090 783 1131 838 sia
1148 784 1226 854 idern

145 866 168 900 n
178 843 287 902 aedem
296 849 471 914 Mineruae,
483 866 559 922 quae
573 849 662 906 Chal·
698 852 804 909 Cicero
825 850 884 904 l.-l.
904 869 968 924 cap.
982 862 1008 909 t.
1024 869 1112 906 voces
1127 869 1224 915 traam-

129 917 250 971 riaecns
265 925 404 983 uocatur,
417 936 529 990 nempe
544 937 561 972 a
574 923 660 974 Lace·
695 919 751 980 atio
763 932 792 973 et
802 921 919 981 aduras
932 935 990 973 nott
1004 922 1103 994 posuit
1134 930 1169 974 ro
1183 919 1226 973 di-

127 980 306 1040 daemoniis·
315 987 413 1058 Nepos
424 978 454 1040 iu
462 989 584 1043 Cimone
594 1005 660 1062 cap.
695 988 847 1041 vinatiano
866 1000 894 1040 ct
916 990 1059 1056 vatibus5.
1075 937 1131 1043 sed
1144 991 1183 1041 ita
1205 1007 1222 1041 a

126 1052 156 1107 8.
177 1053 300 1108 retinuit
330 1072 545 1126 aequevocem
563 1066 671 1122 ostra-y
696 1056 816 1109 Graecis
843 1053 1061 1116 divinationem
1086 1066 1115 1113 et
1140 1076 1225 1130 quos·

128 1121 262 1179 rismum
288 1122 325 1176 At
347 1123 513 1178 enienaihus
541 1125 659 1199 propri·
695 1121 768 1179 dam
790 1122 908 1182 diuinos
935 1126 1106 1183 sacerdotes
1127 1126 1226 1198 appel·
1269 1139 1274 1144 ·

127 1204 193 1256 am3
210 1189 659 1263 sedquomodoretinuitPPost-
694 1192 750 1245 lari
765 1192 894 1246 adnotat.
921 1194 966 1248 Gt.
987 1195 1169 1251 Valcltenacr
1188 1191 1226 1246 ad
1252 1212 1256 1216 ·

129 1274 219 1331 quam
235 1275 299 1312 eam
307 1270 432 1332 poenam
441 1260 531 1316 latine
542 1279 659 1336 expres.
694 1260 878 1314 lleradotum
889 1262 955 1316 Lib.
968 1284 1011 1316 ιν.
1023 1282 1087 1337 cap.
1101 1266 1157 1331 145.
1166 1261 1219 1315 lin.

88 1350 91 1355 ·
128 1336 210 1389 serat
234 1345 296 1399 per·
321 1335 470 1385 testarum
497 1327 658 1406 suffragia.
683 1331 739 1384 ¹15·
762 1330 936 1384 Ciceronem
957 1340 1012 1404 p'ro
1035 1331 1128 1385 Balbo
1159 1347 1224 1402 cap.

131 1384 224 1470 Qfiod
239 1395 359 1467 (addit)
375 1396 426 1453 itti
443 1398 482 1462 (i.
499 1415 525 1450 e.
542 1400 659 1454 Atheni·
698 1415 739 1451 ta.
757 1395 792 1449 de
807 1397 928 1452 Athenis
945 1386 1116 1471 loquentem
1133 1399 1224 1471 suspi-

83 1484 93 1503 ι
129 1463 232 1533 enses)
249 1467 463 1522 ostracismum
476 1476 592 1523 cocant.
611 1467 660 1523 Sic
695 1475 778 1517 catur
792 1467 937 1538 scripsiss'e
950 1475 1031 1522 certa
1045 1467 1142 1531 trihu,
1163 1486 1224 1524 cer·

128 1530 296 1604 lupraefat.
317 1535 352 1589 in
360 1536 505 1591 interiore
512 1545 600 1606 parte
610 1554 657 1591 ae·
695 1539 727 1588 to
741 1532 843 1596 demo,
854 1552 911 1606 pra
923 1540 1004 1591 certo
1016 1555 1157 1604 natine103
1174 1534 1226 1589 scd

128 1595 234 1664 dium,
254 1604 547 1679 quoegynaeconitis
557 1602 657 1679 appel·
691 1601 1223 1678 vordemaspeculi‘arisignificatione

128 1663 231 1734 latur,
255 1684 321 1739 nent
345 1689 360 1724 e
389 1690 405 1725 a
433 1672 581 1741 Graecis,
600 1670 658 1726 nisi
693 1669 949 1726 adltibehaturab
975 1673 1224 1738 Atheniensibus,

128 1690 658 1808 haecverbaadtaliisadjeetacrcdas,
694 1756 768 1810 quae
783 1739 854 1792 huic
872 1739 927 1794 soli
950 1743 1061 1814 popula
1078 1750 1140 1794 erat
1152 1757 1223 1814 pro·

130 1803 181 1877 (p.
199 1806 271 1873 aaa)
286 1819 319 1862 ut
331 1809 466 1878 Davisius
482 1827 497 1862 a
520 1808 559 1862 ud
576 1808 657 1862 Cice·
716 1807 769 1859 ria.
789 1819 792 1826 '
808 1809 884 1863 Sane
898 1826 983 1880 quam
996 1808 1122 1883 plurima
1134 1826 1222 1862 voca·

118 1882 196 1927 ¹aon.
213 1874 287 1929 Lil).¹
306 1895 336 1931 v.
359 1877 475 1948 Disput.
495 1826 613 1932 duseul.
631 1895 657 1929 c.
688 1825 763 1930 duta
787 1877 838 1929 uni
867 1880 910 1930 rei
934 1878 1058 1951 propria
1085 1895 1100 1931 e
1124 1875 1224 1951 lingua

99 1959 102 1963 ’
129 1954 157 2011 9:
175 1941 331 2008 existimat,
359 1946 393 2000 in
418 1952 518 2000 rotam
544 1945 596 2008 (id
615 1952 660 2002 est
696 1945 809 2015 Graeca
822 1945 852 1998 in
863 1947 992 2000 Latinam
1006 1962 1061 2017 per
1073 1962 1158 1998 unam
1172 1963 1222 2003 vo,-

128 2024 228 2134 §enus
246 2012 399 2084 quoddam
419 2016 564 2070 tormenti
580 2012 662 2087 apud
695 2029 763 2071 aem,
776 2015 851 2085 uerti
870 2020 1029 2087 nequeunt.
1042 2015 1127 2067 'Hinc
1145 2013 1223 2066 Livi.

156 2081 280 2147 ruccas)
299 2081 421 2138 beatam
435 2083 527 2138 uitam
543 2103 659 2139 nones·
693 2097 727 2133 ¹1⁵
749 2091 778 2134 et
800 2081 936 2146 Curtius,
963 2085 1123 2155 seript⁰r⁰⁵
1146 2080 1224 2135 haud

92 2153 98 2159 “
129 2145 266 2207 candere.
283 2146 386 2205 sodex
401 2151 472 2224 ipsis
490 2151 658 2224 Apulejilo-
694 2149 873 2220 spernendi,
905 2151 1223 2204 retinueruntvoccm
1254 2150 1263 2158 ’

128 2216 188 2280 cis,
202 2233 219 2269 a
232 2219 354 2273 Davisio
369 2219 411 2272 ibi
428 2216 577 2283 adductis,
593 2237 658 2274 ver·
694 2233 816 2300 agenta.
854 2238 883 2272 v.
904 2219 940 2271 cl.
965 2219 1053 2275 Wels.
1077 2217 1112 2272 ad
1133 2216 1220 2279 Diod.

127 2283 167 2339 ha
182 2283 294 2361 haeai.
309 2305 388 2362 eg.
409 2304 436 2362 q.
455 2291 477 2342 t.
497 2304 527 2343 a.
544 2287 578 2342 G.
598 2305 659 2341 non
693 2285 785 2339 Stcul.
799 2284 863 2338 Lib.
878 2305 936 2340 ιιι.
950 2304 1014 2359 cap.
1030 2304 1072 2353 27.
1088 2283 1138 2338 sed
1150 2284 1222 2338 haec

128 2352 231 2408 adsuta
256 2372 273 2407 a
296 2356 460 2423 Scholiasta
486 2355 587 2421 suilla,¹
608 2355 658 2409 ad.
695 2365 724 2408 et
737 2352 932 2408 similianihil
947 2371 1098 2409 commune
1114 2346 1248 2407 hahent‘

85 2436 98 2482 ,’
127 2431 225 2497 paret.
243 2423 277 2476 ln
296 2424 417 2479 Conone
435 2443 499 2498 cap.
520 2425 546 2480 3.
567 2424 658 2498 scrip·
695 2439 760 2476 cum
772 2420 895 2487 Philia,
916 2428 1061 2496 quaevox
1079 2423 1115 2476 cll
1136 2438 1221 2495 gene·

84 2547 89 2554 ,
126 2491 166 2545 tis
180 2490 242 2544 suis
257 2491 382 2545 inseruit
397 2501 590 2562 προσκυνετνς
609 2491 659 2546 sed
693 2491 781 2559 ralis,
792 2491 867 2544 ¹licet
878 2493 934 2545 hoc
946 2493 1013 2546 loco
1024 2510 1081 2563 pro
1094 2494 1166 2548 Dea,
1188 2509 1223 2543 o·

150 2558 279 2642 ostquam
294 2571 424 2615 verterat
438 2579 494 2636 per
509 2562 657 2626 uenerari,
693 2570 789 2615 natur.
809 2561 912 2613 Nonne
924 2563 983 2613 Pax
995 2565 1079 2615 etiam
1094 2578 1150 2633 pro
1167 2508 1221 2612 dea

97 2576 174 2692 »dai
198 2627 247 2682 ista
264 2629 357 2682 verba
378 2640 437 2684 nou
458 2631 516 2684 sint
540 2630 657 2696 adsuta)
686 2627 1144 2686 'suithabitaahdtheniensibus.
1157 2632 1221 2680 eam
1290 2676 1293 2682 .

127 2694 196 2750 ideo
223 2695 355 2763 addidit,
373 2697 451 2768 quod
467 2697 520 2754 illi
534 2700 658 2770 (nempe
672 2738 676 2744 .
693 2713 745 2750 sua
758 2696 856 2778 lingua
869 2696 1012 2765 'Erptivnn
1026 2695 1218 2750 vocantibus?
1284 2702 1295 2767 J

125 2764 236 2819 Graeci
266 2765 344 2819 sive·
359 2767 583 2832 Athenienses,
596 2782 657 2819 non
691 2762 725 2817 In
743 2766 859 2834 Hygino
880 2765 1067 2818 ct·similibus
1088 2764 1226 2817 Graecae

125 2834 235 2904 Persae
260 2834 372 2891 Graece
392 2833 563 2908 loquentes)
581 2850 655 2900 προ.
691 2832 779 2885 voc'cs
794 2832 1004 2904 semipedum,
1023 2830 1217 2887 utostcndiad

124 2901 655 2969 emarcuerant,utinttoarentoi
690 2900 797 2984 Hygini
814 2900 943 2958 fabam.
963 2920 1021 2953 non
1035 2918 1107 2954 vero
1123 2900 1152 2951 in
1164 2917 1215 3021 pu·
1242 2962 1245 2967 ,
1291 2898 1297 2906 ’

125 2968 242 3035 diosam
275 2971 360 3024 verbi
393 2972 656 3045 significationem,
690 2969 944 3040 rithmo-Nepote,
963 2969 1032 3023 licet
1048 2970 1073 3022 ei
1088 2985 1162 3038 pecu
1176 2969 1215 3020 ia.

84 3038 89 3047 “
123 3038 388 3112 quippeeanibus,
406 3040 653 3104 nonhominibus,
690 3038 734 3089 ria
751 3036 891 3112 quaedam
908 3037 965 3088 sint
984 3039 1118 3109 propria.
1137 3038 1214 3106 Ergo

123 3105 653 3187 propriitquidmultis‘?Neposnum.
688 3104 746 3159 hoc
773 3106 839 3159 loco
870 3102 1004 3165 Phidiae
1030 3102 1235 3164 retinendam,
1291 3122 1300 3139 ⁴

124 3191 214 3247 quam
226 3192 294 3229 usus
305 3187 347 3229 est
357 3176 477 3231 Graecis
487 3176 652 3242 vocahu'lls,
688 3172 788 3248 duco„
802 3185 830 3227 et
846 3173 890 3244 agi
907 3173 943 3225 de
957 3172 1075 3239 Phidia,
1094 3172 1143 3246 qui
1161 3189 1214 3228 nov

124 3259 202 3317 quae
214 3240 300 3295 facile
315 3243 346 3296 ln
356 3244 484 3316 linguam
493 3248 655 3300 Romanam·
687 3243 744 3296 [lro
758 3243 855 3297 Attico
866 3243 922 3296 suit
937 3242 1106 3306 familiaris,
1125 3258 1140 3292 o
1156 3258 1214 3310 qua

124 3315 477 3374 convertuntunh'onne
499 3313 575 3368 idem
597 3315 651 3368 Ne·
688 3310 887 3365 familiaritate
900 3310 947 3363 hic
961 3311 1049 3362 mtdta
1063 3309 1099 3363 ab
1113 3309 1213 3363 Attico

122 3390 181 3452 pos
204 3380 304 3452 Aegas
321 3379 442 3445 flumen
465 3381 560 3437 dixit?
583 3382 653 3436 licet
688 3377 1212 3433 doctussltheniensihusmultaadsa-

123 3445 177 3501 atii
207 3449 307 3501 Latini
331 3451 492 3524 scriptores
524 3449 653 3505 dixerint
686 3449 777 3503 lutem
790 3448 937 3520 publicam
953 3446 1090 3500 conferre
1103 3448 1211 3519 potuit,

92 3524 103 3537 ’
123 3515 228 3589 Aegos
240 3524 388 3589 potamos.
407 3520 510 3573 Nonne
523 3520 609 3573 etiam
622 3517 652 3571 in
687 3525 717 3569 et
735 3535 821 3583 auam
840 3515 907 3570 ideo
923 3515 1114 3570 Athenienses
1133 3518 1166 3572 in
1181 3537 1209 3573 ο·
1264 3530 1268 3535 '

122 3584 282 3639 Timotheo
297 3604 362 3661 cap.
385 3605 410 3640 a.
429 3586 516 3653 dixit,
532 3587 651 3642 Atheni·
686 3591 752 3642 mni
760 3587 973 3658 procuratione
982 3584 1219 3660 Reipactarem·
1236 3600 1246 3633 Γ

113 3669 210 3708 enses
229 3654 297 3708 Paci
317 3672 382 3708 aras
406 3655 519 3721 facille,
539 3673 613 3730 quae
635 3674 652 3709 a
687 3662 896 3727 auctoremque
918 3654 1108 3723 ‘habebant3
1144 3673 1209 3709 nam
1262 3676 1265 3683 ·

122 3720 250 3777 Graecid
268 3720 394 3791 Ἐιρήνη
421 3723 545 3789 dicitur,
575 3741 650 3796 quae
686 3721 757 3778 haec
778 3725 870 3781 verba
893 3725 996 3778 melius
1020 3723 1057 3776 ad
1077 3721 1209 3776 Phidiam
1233 3758 1236 3769 ,

77 3808 81 3813 ·
110 3806 183 3858 ¹vox
209 3791 345 3847 omnibus
367 3793 487 3847 Graecis
511 3804 554 3848 est
573 3811 650 3846 com.
686 3792 1048 3863 accommodaripoffimt,
1073 3788 1210 3863 qttamad
1248 3849 1250 3853 ,

121 3856 242 3913 mauis?
263 3859 652 3938 CurigiturhoclacePha'·
685 3861 876 3923 Atticum‚ut
896 3858 978 3914 Bosii
1000 3861 1037 3913 ell
1054 3859 1204 3912 sententia.
1249 3890 1252 3896 ι
1283 3887 1287 3892 =

122 3922 190 3984 lt'ae
208 3928 374 3999 posuisset,
402 3946 466 3982 eum
489 3930 575 3983 facile
597 3947 652 4000 per
685 3930 741 3982 Hic
763 3944 832 4000 sane
847 3926 979 3984 Phidias
999 3928 1126 3985 innotuit
1144 3927 1207 3998 qui·

122 3994 291 4070 Amicitiae
296 3996 485 4069 interpretari
494 3997 651 4070 potuisset?
685 3995 751 4051 dem
764 3998 886 4069 Nepoti,
906 3998 976 4049 licet
989 3995 1024 4049 nh
1041 3996 1105 4049 aliis
1118 3994 1219 4049 Grae:-

122 4063 151 4121 Ε
194 4065 270 4120 ‘dem
289 4066 367 4128 scio,
385 4084 403 4118 a
423 4066 568 4123 Cicerone
584 4067 649 4121 Lib.
686 4066 728 4121 eis
742 4065 1206 4136 scriptoribusnonmemaratus,

110 4144 149 4187 a.
189 4133 650 4208 eDivinationeaap.15.usur-
683 4152 739 4206 per
762 4134 1016 4206 Atticumipsurn',
1056 4151 1094 4186 no
1109 4134 1206 4206 Nepos

69 4270 73 4279 ἱ
120 4211 223 4279 patara
251 4219 313 4258 esse
336 4220 439 4286 uocem
464 4205 650 4278 τετραρχία,
684 4203 872 4272 familiariter
887 4218 956 4257 usus
974 4201 1027 4270 ed,
1067 4218 1149 4274 equa
1165 4202 1205 4258 la·
