2610 4650
59 341 67 354 ,
156 312 216 378 ιιι
284 308 287 313 ’
319 328 321 333 ·
414 282 957 407 .·c·⁰1ttt1t1.tlttrt1³0rts
990 352 994 360 ,

158 503 333 588 ιιθιιιιιιιιᾱ
347 502 548 564 Lactantium
571 498 629 561 lib.
652 500 706 560 lll.
729 495 796 559 div.
816 493 912 559 instit.
931 514 961 556 c.
981 493 1029 556 15.
1053 515 1086 555 n.
1107 513 1155 555 to.
1182 491 1238 576 Qui
1264 563 1269 568 ⁵

159 612 226 670 iasa
243 607 497 693 (philosophia)
507 603 670 688 disputanda
682 600 838 684 castrentur.
880 605 924 665 Et
937 602 973 670 in
985 600 1170 683 fragmento
1183 607 1254 662 nos
1284 630 1286 695 ζ

79 712 94 800 ᾖ
137 713 243 795 liro:
267 713 459 798 philosophiam
472 714 761 773 anteceniammum
773 709 825 794 ssa
841 709 1200 792 mrzfurmavarirnratioue.
1284 702 1286 721 '

164 874 169 879 ·
205 858 208 867 ·
243 845 444 905 Ponderoriora
456 839 747 922 heneficiabonorum
758 843 954 927 scriptorum
969 826 1162 902 auctoritate
1175 854 1235 899 mu·-

161 951 234 1012 nirc
250 973 268 1011 a
282 951 412 1012 Illotzio
427 949 554 1030 jubeor.
598 946 633 1009 Si
648 922 790 1031 requirit
811 949 853 1012 V.
879 948 916 1010 C.
927 960 977 1011 'ut
996 944 1144 1025 ejusdem
1159 962 1235 1006 com·

162 1057 309 1142 paratiri
314 1057 355 1121 ab
370 1054 556 1151 aequalibus
572 1053 708 1138 Nepotis
727 1053 840 1117 eadem
854 1051 1094 1138 significatione
1111 1040 1235 1111 adhibiti
1268 1116 1269 1121 .

67 1187 69 1191 ⁴
162 1160 341 1224 testimonia
361 1161 548 1247 proferam,
583 1179 690 1279 nequa
717 1159 779 1221 alia
800 1159 853 1220 ria
878 1157 1078 1220 defendendi
1098 1152 1236 1219 vocabuli

165 1265 326 1352 superest,
347 1287 478 1339 vereor,
500 1285 543 1327 ne
558 1242 682 1339 mihi,
673 1264 781 1326 mirac
796 1263 989 1326 idoneorum
1004 1261 1131 1326 testium
1145 1282 1235 1347 penu·

162 1372 224 1446 ria,
246 1372 460 1459 patrocinium
476 1370 674 1454 fragmenti
664 1392 699 1433 ιιι
715 1371 935 1455 suspicionem
950 1366 1080 1433 adducti
1093 1367 1236 1450 abjicien·

166 1477 241 1540 dum
257 1470 311 1541 stt:
355 1476 421 1541 Sed
437 1478 521 1538 bene
536 1476 650 1551 habet,
683 1476 770 1560 quod
786 1497 840 1538 res
855 1477 935 1539 mihi
951 1475 995 1540 est
1010 1496 1084 1538 cum
1101 1471 1236 1537 adversa

164 1586 216 1648 rio
232 1585 346 1658 docto,
369 1586 426 1668 qui
439 1576 534 1647 etism
549 1583 620 1646 sine
633 1583 795 1646 monitore
811 1581 981 1668 intelligit,
1005 1585 1033 1645 si
1049 1582 1157 1644 omnia
1168 1579 1238 1642 uana

112 1720 116 1729 ·
165 1704 220 1778 pta
237 1689 366 1764 retulla,
388 1691 423 1752 in
437 1691 553 1775 quibus
564 1676 701 1751 dicendi
718 1689 839 1750 formas
857 1690 1036 1774 aequalium
1052 1690 1240 1773 scriptorum

168 1795 324 1880 suffragio
344 1795 506 1860 destitutas
523 1795 814 1881 deprehendimus,
846 1819 907 1880 pro
932 1798 1052 1882 spuriis
1071 1792 1243 1878 rejicienda
1284 1786 1286 1797 '

169 1904 254 1985 tint,
274 1917 351 1965 tunc
369 1917 473 1964 actum
492 1903 573 1975 elle,
602 1903 731 1966 nonde
753 1925 817 1967 uno
839 1905 981 1988 itemque
1004 1905 1107 1977 altero
1127 1900 1243 1965 veteris

164 2010 312 2075 ¹aucturis
334 2009 533 2092 fragmento,
566 2025 647 2092 quae
669 2008 790 2090 jactura
809 2010 989 2084 tolerabilis
1009 2010 1106 2081 ellet,
1138 2004 1245 2070 cedde

165 2115 337 2200 plerisque
355 2129 389 2176 et
412 2114 569 2176 Graeciae
588 2116 711 2200 prioris
733 2131 765 2178 et
786 2116 871 2179 Latii
892 2115 1125 2178 monumentis.
1170 2112 1246 2208 Quis

89 2248 91 2252 ⁴
168 2238 318 2306 umquam
341 2236 526 2306 suspectum
558 2220 669 2284 habuit
697 2222 914 2306 fragmentum
937 2224 1075 2308 Nepotis
1108 2216 1247 2284 Cornelii

170 2329 405 2412 (nequeenim
427 2348 466 2389 ex
485 2328 664 2412 longinquo
683 2327 894 2412 probationes
912 2329 1070 2391 arcellerc
1089 2348 1173 2412 opus
1189 2321 1247 2404 est)

142 2435 229 2499 ‘sed
249 2435 322 2519 quis
340 2434 374 2493 in
399 2434 530 2494 dubium
551 2434 680 2496 vocavit
702 2434 918 2518 fragmentum
941 2434 1058 2507 nostri,
1090 2433 1181 2518 quod
1200 2432 1249 2494 de·

29 2620 32 2628 Ι
99 2550 158 2627 ¹⁶4
171 2555 336 2627 promtum
359 2561 399 2601 ex
434 2536 564 2621 epistola
595 2537 635 2599 ad
664 2538 856 2601 Ciceronem
881 2539 924 2602 est
949 2541 1033 2624 apud
1055 2540 1251 2602 Lactantiuns

165 2649 265 2722 loco,
301 2666 397 2731 quem
432 2645 540 2729 paullo
578 2659 651 2706 aute
681 2644 849 2707 indicari?
901 2651 1022 2708 Tamen
1058 2645 1127 2726 ejus
1144 2645 1251 2708 delen·

174 2754 301 2816 sionem
335 2749 565 2836 desperarem,
609 2750 638 2810 si
668 2751 742 2835 quis
772 2751 969 2836 postularet,
1006 2766 1042 2813 ut
1066 2753 1252 2838 vocabulum

168 2860 376 2941 perfectricem,
400 2838 453 2918 aul
466 2856 637 2919 formulam
654 2859 793 2953 disputarf
805 2857 1014 2940 philosophiam,
1039 2859 1198 2942 exemplis
1216 2856 1251 2918 il·

172 2961 236 3026 lius
256 2960 328 3023 sevi
341 2975 463 3024 tuerer.
509 2963 597 3057 Quin
611 2963 709 3024 immo
725 2963 903 3046 fragmenta
917 2965 1060 3047 Nepotis-¹
1075 2964 1252 3048 Guelpher·

146 3065 306 3148 imane,
329 3089 410 3150 quae
435 3070 594 3130 minorem
619 3068 753 3150 gratiam
770 3068 902 3130 luillcnt
916 3071 1090 3143 meritura,
1114 3071 1144 3131 si
1167 3066 1252 3139 nihil,
1277 3083 1283 3091 ’

171 3175 238 3239 nisi
254 3174 365 3235 tritum
382 3189 414 3236 et
429 3174 650 3256 quotidianum
664 3175 894 3258 propinarent,
925 3196 964 3237 eo
988 3175 1253 3247 commendatius

173 3280 268 3343 nohis
295 3280 358 3343 effe
383 3271 560 3353 debebant,
591 3302 655 3363 quo
679 3295 753 3344 sunt
776 3302 832 3358 ea,
856 3303 936 3368 quae
952 3281 1029 3345 inde
1046 3282 1254 3356 discimus‚a

167 3385 300 3477 .rulgari
319 3385 543 3449 observatione
559 3388 767 3450 remotiora.

255 3483 351 3580 Nisi
343 3518 444 3601 igitur
461 3515 567 3576 omnia
583 3537 634 3579 me
651 3519 776 3593 fallunt,
798 3518 1026 3582 eruditillimus
1041 3518 1191 3582 Illotzius
1204 3513 1255 3579 fla·

177 3622 300 3706 gitans,
322 3635 359 3684 ut
374 3624 569 3704 ponderosiora
583 3623 708 3705 beneficia
729 3626 890 3687 bonorum
910 3628 1107 3709 scriptorum
1122 3621 1256 3688 auctori·

178 3740 243 3791 tate
263 3730 421 3804 muniam,
443 3731 525 3792 nihil
542 3730 630 3792 aliud
640 3731 799 3815 requirit,
822 3753 916 3815 quam
931 3746 966 3794 ut
981 3731 1155 3806 ostendam,
1177 3731 1258 3794 hunc

180 3835 432 3921 comparativum
445 3838 509 3901 hoe
527 3840 601 3902 loco
616 3838 760 3924 positum
774 3840 838 3902 elle
853 3858 890 3900 ea
909 3823 1167 3921 significatione,
1182 3854 1258 3923 quas

142 4014 149 4027 .
181 3942 220 4002 ab
231 3940 380 4023 altalogia
396 3944 524 4025 priscae
546 3958 641 4027 atque
659 3945 868 4029 incorruptae
892 3942 1075 4008 Latinitatis
1091 3966 1187 4029 quarn
1203 3943 1260 4006 mi·

180 4049 267 4109 nime
283 4044 427 4108 recedat.
451 4049 704 4112 Suheundum'1r
671 4054 772 4136 rgitur
785 4051 848 4112 hoc
863 4051 1029 4133 negotium
1039 4052 1262 4137 saccellusquc

180 4136 414 4238 periclitandae
429 4151 486 4217 est.
509 4155 664 4219 Ponderari
677 4157 815 4245 proprie
836 4156 1006 4232 dicuntur,
1028 4179 1169 4244 quorum
1183 4177 1262 4243 pou·
